%YAML 1.1
%TAG !u! tag:unity3d.com,2011:
--- !u!1 &2281920106405118642
GameObject:
  m_ObjectHideFlags: 0
  m_CorrespondingSourceObject: {fileID: 0}
  m_PrefabInstance: {fileID: 0}
  m_PrefabAsset: {fileID: 0}
  serializedVersion: 6
  m_Component:
  - component: {fileID: 2447859725023693750}
  - component: {fileID: 2123588182776368636}
  - component: {fileID: 1647459775340921593}
  - component: {fileID: 6004036803221745554}
  m_Layer: 5
  m_Name: Title
  m_TagString: Untagged
  m_Icon: {fileID: 0}
  m_NavMeshLayer: 0
  m_StaticEditorFlags: 0
  m_IsActive: 1
--- !u!224 &2447859725023693750
RectTransform:
  m_ObjectHideFlags: 0
  m_CorrespondingSourceObject: {fileID: 0}
  m_PrefabInstance: {fileID: 0}
  m_PrefabAsset: {fileID: 0}
  m_GameObject: {fileID: 2281920106405118642}
  m_LocalRotation: {x: 0, y: 0, z: 0, w: 1}
  m_LocalPosition: {x: 0, y: 0, z: 0}
  m_LocalScale: {x: 1, y: 1, z: 1}
  m_Children: []
  m_Father: {fileID: 3122696412990906293}
  m_RootOrder: 0
  m_LocalEulerAnglesHint: {x: 0, y: 0, z: 0}
  m_AnchorMin: {x: 0, y: 1}
  m_AnchorMax: {x: 1, y: 1}
  m_AnchoredPosition: {x: 0, y: -60}
  m_SizeDelta: {x: -120, y: 0}
  m_Pivot: {x: 0.5, y: 1}
--- !u!222 &2123588182776368636
CanvasRenderer:
  m_ObjectHideFlags: 0
  m_CorrespondingSourceObject: {fileID: 0}
  m_PrefabInstance: {fileID: 0}
  m_PrefabAsset: {fileID: 0}
  m_GameObject: {fileID: 2281920106405118642}
  m_CullTransparentMesh: 1
--- !u!114 &1647459775340921593
MonoBehaviour:
  m_ObjectHideFlags: 0
  m_CorrespondingSourceObject: {fileID: 0}
  m_PrefabInstance: {fileID: 0}
  m_PrefabAsset: {fileID: 0}
  m_GameObject: {fileID: 2281920106405118642}
  m_Enabled: 1
  m_EditorHideFlags: 0
  m_Script: {fileID: 11500000, guid: f4688fdb7df04437aeb418b961361dc5, type: 3}
  m_Name: 
  m_EditorClassIdentifier: 
  m_Material: {fileID: 0}
  m_Color: {r: 1, g: 1, b: 1, a: 1}
  m_RaycastTarget: 1
  m_RaycastPadding: {x: 0, y: 0, z: 0, w: 0}
  m_Maskable: 1
  m_OnCullStateChanged:
    m_PersistentCalls:
      m_Calls: []
  m_text: Hoe werkt het?
  m_isRightToLeft: 0
  m_fontAsset: {fileID: 11400000, guid: 77ea4ec2acd323442a2af7c0f9d9e6ba, type: 2}
  m_sharedMaterial: {fileID: 3856835868066052790, guid: 77ea4ec2acd323442a2af7c0f9d9e6ba, type: 2}
  m_fontSharedMaterials: []
  m_fontMaterial: {fileID: 0}
  m_fontMaterials: []
  m_fontColor32:
    serializedVersion: 2
    rgba: 4294959272
  m_fontColor: {r: 0.65882355, g: 0.8784314, b: 1, a: 1}
  m_enableVertexGradient: 0
  m_colorMode: 3
  m_fontColorGradient:
    topLeft: {r: 1, g: 1, b: 1, a: 1}
    topRight: {r: 1, g: 1, b: 1, a: 1}
    bottomLeft: {r: 1, g: 1, b: 1, a: 1}
    bottomRight: {r: 1, g: 1, b: 1, a: 1}
  m_fontColorGradientPreset: {fileID: 0}
  m_spriteAsset: {fileID: 0}
  m_tintAllSprites: 0
  m_StyleSheet: {fileID: 0}
  m_TextStyleHashCode: -1183493901
  m_overrideHtmlColors: 0
  m_faceColor:
    serializedVersion: 2
    rgba: 4294967295
  m_fontSize: 64
  m_fontSizeBase: 64
  m_fontWeight: 400
  m_enableAutoSizing: 0
  m_fontSizeMin: 18
  m_fontSizeMax: 72
  m_fontStyle: 16
  m_HorizontalAlignment: 2
  m_VerticalAlignment: 256
  m_textAlignment: 65535
  m_characterSpacing: 0
  m_wordSpacing: 0
  m_lineSpacing: 0
  m_lineSpacingMax: 0
  m_paragraphSpacing: 0
  m_charWidthMaxAdj: 0
  m_enableWordWrapping: 1
  m_wordWrappingRatios: 0.4
  m_overflowMode: 0
  m_linkedTextComponent: {fileID: 0}
  parentLinkedComponent: {fileID: 0}
  m_enableKerning: 1
  m_enableExtraPadding: 0
  checkPaddingRequired: 0
  m_isRichText: 1
  m_parseCtrlCharacters: 1
  m_isOrthographic: 1
  m_isCullingEnabled: 0
  m_horizontalMapping: 0
  m_verticalMapping: 0
  m_uvLineOffset: 0
  m_geometrySortingOrder: 0
  m_IsTextObjectScaleStatic: 0
  m_VertexBufferAutoSizeReduction: 0
  m_useMaxVisibleDescender: 1
  m_pageToDisplay: 1
  m_margin: {x: 0, y: 0, z: 0, w: 0}
  m_isUsingLegacyAnimationComponent: 0
  m_isVolumetricText: 0
  m_hasFontAssetChanged: 0
  m_baseMaterial: {fileID: 0}
  m_maskOffset: {x: 0, y: 0, z: 0, w: 0}
--- !u!114 &6004036803221745554
MonoBehaviour:
  m_ObjectHideFlags: 0
  m_CorrespondingSourceObject: {fileID: 0}
  m_PrefabInstance: {fileID: 0}
  m_PrefabAsset: {fileID: 0}
  m_GameObject: {fileID: 2281920106405118642}
  m_Enabled: 1
  m_EditorHideFlags: 0
  m_Script: {fileID: 11500000, guid: 3245ec927659c4140ac4f8d17403cc18, type: 3}
  m_Name: 
  m_EditorClassIdentifier: 
  m_HorizontalFit: 0
  m_VerticalFit: 2
--- !u!1 &4085389461569457002
GameObject:
  m_ObjectHideFlags: 0
  m_CorrespondingSourceObject: {fileID: 0}
  m_PrefabInstance: {fileID: 0}
  m_PrefabAsset: {fileID: 0}
  serializedVersion: 6
  m_Component:
  - component: {fileID: 839338128273450267}
  - component: {fileID: 1114064212331190880}
  - component: {fileID: 329970753074475474}
  - component: {fileID: 8325834985442353157}
  m_Layer: 5
  m_Name: ExplainGood
  m_TagString: Untagged
  m_Icon: {fileID: 0}
  m_NavMeshLayer: 0
  m_StaticEditorFlags: 0
  m_IsActive: 1
--- !u!224 &839338128273450267
RectTransform:
  m_ObjectHideFlags: 0
  m_CorrespondingSourceObject: {fileID: 0}
  m_PrefabInstance: {fileID: 0}
  m_PrefabAsset: {fileID: 0}
  m_GameObject: {fileID: 4085389461569457002}
  m_LocalRotation: {x: 0, y: 0, z: 0, w: 1}
  m_LocalPosition: {x: 0, y: 0, z: 0}
  m_LocalScale: {x: 1, y: 1, z: 1}
  m_Children: []
  m_Father: {fileID: 3122696412990906293}
  m_RootOrder: 3
  m_LocalEulerAnglesHint: {x: 0, y: 0, z: 0}
  m_AnchorMin: {x: 0, y: 1}
  m_AnchorMax: {x: 1, y: 1}
  m_AnchoredPosition: {x: 0, y: -664.45}
  m_SizeDelta: {x: -120, y: 0}
  m_Pivot: {x: 0.5, y: 1}
--- !u!222 &1114064212331190880
CanvasRenderer:
  m_ObjectHideFlags: 0
  m_CorrespondingSourceObject: {fileID: 0}
  m_PrefabInstance: {fileID: 0}
  m_PrefabAsset: {fileID: 0}
  m_GameObject: {fileID: 4085389461569457002}
  m_CullTransparentMesh: 1
--- !u!114 &329970753074475474
MonoBehaviour:
  m_ObjectHideFlags: 0
  m_CorrespondingSourceObject: {fileID: 0}
  m_PrefabInstance: {fileID: 0}
  m_PrefabAsset: {fileID: 0}
  m_GameObject: {fileID: 4085389461569457002}
  m_Enabled: 1
  m_EditorHideFlags: 0
  m_Script: {fileID: 11500000, guid: f4688fdb7df04437aeb418b961361dc5, type: 3}
  m_Name: 
  m_EditorClassIdentifier: 
  m_Material: {fileID: 0}
  m_Color: {r: 1, g: 1, b: 1, a: 1}
  m_RaycastTarget: 1
  m_RaycastPadding: {x: 0, y: 0, z: 0, w: 0}
  m_Maskable: 1
  m_OnCullStateChanged:
    m_PersistentCalls:
      m_Calls: []
  m_text: Letters die op de goede plek staan.
  m_isRightToLeft: 0
  m_fontAsset: {fileID: 11400000, guid: 77ea4ec2acd323442a2af7c0f9d9e6ba, type: 2}
  m_sharedMaterial: {fileID: 3856835868066052790, guid: 77ea4ec2acd323442a2af7c0f9d9e6ba, type: 2}
  m_fontSharedMaterials: []
  m_fontMaterial: {fileID: 0}
  m_fontMaterials: []
  m_fontColor32:
    serializedVersion: 2
    rgba: 4293848814
  m_fontColor: {r: 0.9339623, g: 0.9339623, b: 0.9339623, a: 1}
  m_enableVertexGradient: 0
  m_colorMode: 3
  m_fontColorGradient:
    topLeft: {r: 1, g: 1, b: 1, a: 1}
    topRight: {r: 1, g: 1, b: 1, a: 1}
    bottomLeft: {r: 1, g: 1, b: 1, a: 1}
    bottomRight: {r: 1, g: 1, b: 1, a: 1}
  m_fontColorGradientPreset: {fileID: 0}
  m_spriteAsset: {fileID: 0}
  m_tintAllSprites: 0
  m_StyleSheet: {fileID: 0}
  m_TextStyleHashCode: -1183493901
  m_overrideHtmlColors: 0
  m_faceColor:
    serializedVersion: 2
    rgba: 4294967295
  m_fontSize: 32
  m_fontSizeBase: 32
  m_fontWeight: 400
  m_enableAutoSizing: 0
  m_fontSizeMin: 18
  m_fontSizeMax: 72
  m_fontStyle: 0
  m_HorizontalAlignment: 2
  m_VerticalAlignment: 256
  m_textAlignment: 65535
  m_characterSpacing: 0
  m_wordSpacing: 0
  m_lineSpacing: 0
  m_lineSpacingMax: 0
  m_paragraphSpacing: 0
  m_charWidthMaxAdj: 0
  m_enableWordWrapping: 1
  m_wordWrappingRatios: 0.4
  m_overflowMode: 0
  m_linkedTextComponent: {fileID: 0}
  parentLinkedComponent: {fileID: 0}
  m_enableKerning: 1
  m_enableExtraPadding: 0
  checkPaddingRequired: 0
  m_isRichText: 1
  m_parseCtrlCharacters: 1
  m_isOrthographic: 1
  m_isCullingEnabled: 0
  m_horizontalMapping: 0
  m_verticalMapping: 0
  m_uvLineOffset: 0
  m_geometrySortingOrder: 0
  m_IsTextObjectScaleStatic: 0
  m_VertexBufferAutoSizeReduction: 0
  m_useMaxVisibleDescender: 1
  m_pageToDisplay: 1
  m_margin: {x: 0, y: 0, z: 0, w: 0}
  m_isUsingLegacyAnimationComponent: 0
  m_isVolumetricText: 0
  m_hasFontAssetChanged: 0
  m_baseMaterial: {fileID: 0}
  m_maskOffset: {x: 0, y: 0, z: 0, w: 0}
--- !u!114 &8325834985442353157
MonoBehaviour:
  m_ObjectHideFlags: 0
  m_CorrespondingSourceObject: {fileID: 0}
  m_PrefabInstance: {fileID: 0}
  m_PrefabAsset: {fileID: 0}
  m_GameObject: {fileID: 4085389461569457002}
  m_Enabled: 1
  m_EditorHideFlags: 0
  m_Script: {fileID: 11500000, guid: 3245ec927659c4140ac4f8d17403cc18, type: 3}
  m_Name: 
  m_EditorClassIdentifier: 
  m_HorizontalFit: 0
  m_VerticalFit: 2
--- !u!114 &107793887766212241
MonoBehaviour:
  m_ObjectHideFlags: 0
  m_CorrespondingSourceObject: {fileID: 0}
  m_PrefabInstance: {fileID: 0}
  m_PrefabAsset: {fileID: 0}
  m_GameObject: {fileID: 1567641635808497743}
  m_Enabled: 1
  m_EditorHideFlags: 0
  m_Script: {fileID: 11500000, guid: 3da309a74dd31134e9ef31c32f1a8847, type: 3}
  m_Name: 
  m_EditorClassIdentifier: 
  backgroundCloseButton: {fileID: 8420525812180803147}
  closeButton: {fileID: 275798879251334038}
  container: {fileID: 3122696412990906293}
  goodLetter: {fileID: 8820572271196516738}
  almostLetter: {fileID: 3996433804778634838}
  wrongLetter: {fileID: 1352663678005516025}
--- !u!222 &2275202981143503454
CanvasRenderer:
  m_ObjectHideFlags: 0
  m_CorrespondingSourceObject: {fileID: 0}
  m_PrefabInstance: {fileID: 0}
  m_PrefabAsset: {fileID: 0}
  m_GameObject: {fileID: 49778793899912227}
  m_CullTransparentMesh: 1
--- !u!114 &7087860244891977611
MonoBehaviour:
  m_ObjectHideFlags: 0
  m_CorrespondingSourceObject: {fileID: 0}
  m_PrefabInstance: {fileID: 0}
  m_PrefabAsset: {fileID: 0}
  m_GameObject: {fileID: 49778793899912227}
  m_Enabled: 1
  m_EditorHideFlags: 0
  m_Script: {fileID: 11500000, guid: fe87c0e1cc204ed48ad3b37840f39efc, type: 3}
  m_Name: 
  m_EditorClassIdentifier: 
  m_Material: {fileID: 0}
  m_Color: {r: 0.16862746, g: 0.1882353, b: 0.22745098, a: 0.8}
  m_RaycastTarget: 1
  m_RaycastPadding: {x: 0, y: 0, z: 0, w: 0}
  m_Maskable: 1
  m_OnCullStateChanged:
    m_PersistentCalls:
      m_Calls: []
  m_Sprite: {fileID: 0}
  m_Type: 0
  m_PreserveAspect: 0
  m_FillCenter: 1
  m_FillMethod: 4
  m_FillAmount: 1
  m_FillClockwise: 1
  m_FillOrigin: 0
  m_UseSpriteMesh: 0
  m_PixelsPerUnitMultiplier: 1
--- !u!114 &8420525812180803147
MonoBehaviour:
  m_ObjectHideFlags: 0
  m_CorrespondingSourceObject: {fileID: 0}
  m_PrefabInstance: {fileID: 0}
  m_PrefabAsset: {fileID: 0}
  m_GameObject: {fileID: 49778793899912227}
  m_Enabled: 1
  m_EditorHideFlags: 0
  m_Script: {fileID: 11500000, guid: 4e29b1a8efbd4b44bb3f3716e73f07ff, type: 3}
  m_Name: 
  m_EditorClassIdentifier: 
  m_Navigation:
    m_Mode: 3
    m_WrapAround: 0
    m_SelectOnUp: {fileID: 0}
    m_SelectOnDown: {fileID: 0}
    m_SelectOnLeft: {fileID: 0}
    m_SelectOnRight: {fileID: 0}
  m_Transition: 0
  m_Colors:
    m_NormalColor: {r: 1, g: 1, b: 1, a: 1}
    m_HighlightedColor: {r: 0.9607843, g: 0.9607843, b: 0.9607843, a: 1}
    m_PressedColor: {r: 0.78431374, g: 0.78431374, b: 0.78431374, a: 1}
    m_SelectedColor: {r: 0.9607843, g: 0.9607843, b: 0.9607843, a: 1}
    m_DisabledColor: {r: 0.78431374, g: 0.78431374, b: 0.78431374, a: 0.5019608}
    m_ColorMultiplier: 1
    m_FadeDuration: 0.1
  m_SpriteState:
    m_HighlightedSprite: {fileID: 0}
    m_PressedSprite: {fileID: 0}
    m_SelectedSprite: {fileID: 0}
    m_DisabledSprite: {fileID: 0}
  m_AnimationTriggers:
    m_NormalTrigger: Normal
    m_HighlightedTrigger: Highlighted
    m_PressedTrigger: Pressed
    m_SelectedTrigger: Selected
    m_DisabledTrigger: Disabled
  m_Interactable: 1
  m_TargetGraphic: {fileID: 7087860244891977611}
  m_OnClick:
    m_PersistentCalls:
      m_Calls: []
--- !u!1 &4298695056050480614
GameObject:
  m_ObjectHideFlags: 0
  m_CorrespondingSourceObject: {fileID: 0}
  m_PrefabInstance: {fileID: 0}
  m_PrefabAsset: {fileID: 0}
  serializedVersion: 6
  m_Component:
  - component: {fileID: 7838865507169498289}
  - component: {fileID: 8608215372399574936}
  - component: {fileID: 8716662748631232197}
  - component: {fileID: 291762899489432041}
  m_Layer: 5
  m_Name: ExplainAlmost
  m_TagString: Untagged
  m_Icon: {fileID: 0}
  m_NavMeshLayer: 0
  m_StaticEditorFlags: 0
  m_IsActive: 1
--- !u!224 &7838865507169498289
RectTransform:
  m_ObjectHideFlags: 0
  m_CorrespondingSourceObject: {fileID: 0}
  m_PrefabInstance: {fileID: 0}
  m_PrefabAsset: {fileID: 0}
  m_GameObject: {fileID: 4298695056050480614}
  m_LocalRotation: {x: 0, y: 0, z: 0, w: 1}
  m_LocalPosition: {x: 0, y: 0, z: 0}
  m_LocalScale: {x: 1, y: 1, z: 1}
  m_Children: []
  m_Father: {fileID: 3122696412990906293}
  m_RootOrder: 5
  m_LocalEulerAnglesHint: {x: 0, y: 0, z: 0}
  m_AnchorMin: {x: 0, y: 1}
  m_AnchorMax: {x: 1, y: 1}
  m_AnchoredPosition: {x: 0, y: -868.45}
  m_SizeDelta: {x: -120, y: 0}
  m_Pivot: {x: 0.5, y: 1}
--- !u!222 &8608215372399574936
CanvasRenderer:
  m_ObjectHideFlags: 0
  m_CorrespondingSourceObject: {fileID: 0}
  m_PrefabInstance: {fileID: 0}
  m_PrefabAsset: {fileID: 0}
  m_GameObject: {fileID: 4298695056050480614}
  m_CullTransparentMesh: 1
--- !u!114 &8716662748631232197
MonoBehaviour:
  m_ObjectHideFlags: 0
  m_CorrespondingSourceObject: {fileID: 0}
  m_PrefabInstance: {fileID: 0}
  m_PrefabAsset: {fileID: 0}
  m_GameObject: {fileID: 4298695056050480614}
  m_Enabled: 1
  m_EditorHideFlags: 0
  m_Script: {fileID: 11500000, guid: f4688fdb7df04437aeb418b961361dc5, type: 3}
  m_Name: 
  m_EditorClassIdentifier: 
  m_Material: {fileID: 0}
  m_Color: {r: 1, g: 1, b: 1, a: 1}
  m_RaycastTarget: 1
  m_RaycastPadding: {x: 0, y: 0, z: 0, w: 0}
  m_Maskable: 1
  m_OnCullStateChanged:
    m_PersistentCalls:
      m_Calls: []
  m_text: Letters die wel voorkomen in het woord, maar nog niet op de juiste plek
    staan.
  m_isRightToLeft: 0
  m_fontAsset: {fileID: 11400000, guid: 77ea4ec2acd323442a2af7c0f9d9e6ba, type: 2}
  m_sharedMaterial: {fileID: 3856835868066052790, guid: 77ea4ec2acd323442a2af7c0f9d9e6ba, type: 2}
  m_fontSharedMaterials: []
  m_fontMaterial: {fileID: 0}
  m_fontMaterials: []
  m_fontColor32:
    serializedVersion: 2
    rgba: 4293848814
  m_fontColor: {r: 0.9339623, g: 0.9339623, b: 0.9339623, a: 1}
  m_enableVertexGradient: 0
  m_colorMode: 3
  m_fontColorGradient:
    topLeft: {r: 1, g: 1, b: 1, a: 1}
    topRight: {r: 1, g: 1, b: 1, a: 1}
    bottomLeft: {r: 1, g: 1, b: 1, a: 1}
    bottomRight: {r: 1, g: 1, b: 1, a: 1}
  m_fontColorGradientPreset: {fileID: 0}
  m_spriteAsset: {fileID: 0}
  m_tintAllSprites: 0
  m_StyleSheet: {fileID: 0}
  m_TextStyleHashCode: -1183493901
  m_overrideHtmlColors: 0
  m_faceColor:
    serializedVersion: 2
    rgba: 4294967295
  m_fontSize: 32
  m_fontSizeBase: 32
  m_fontWeight: 400
  m_enableAutoSizing: 0
  m_fontSizeMin: 18
  m_fontSizeMax: 72
  m_fontStyle: 0
  m_HorizontalAlignment: 2
  m_VerticalAlignment: 256
  m_textAlignment: 65535
  m_characterSpacing: 0
  m_wordSpacing: 0
  m_lineSpacing: 0
  m_lineSpacingMax: 0
  m_paragraphSpacing: 0
  m_charWidthMaxAdj: 0
  m_enableWordWrapping: 1
  m_wordWrappingRatios: 0.4
  m_overflowMode: 0
  m_linkedTextComponent: {fileID: 0}
  parentLinkedComponent: {fileID: 0}
  m_enableKerning: 1
  m_enableExtraPadding: 0
  checkPaddingRequired: 0
  m_isRichText: 1
  m_parseCtrlCharacters: 1
  m_isOrthographic: 1
  m_isCullingEnabled: 0
  m_horizontalMapping: 0
  m_verticalMapping: 0
  m_uvLineOffset: 0
  m_geometrySortingOrder: 0
  m_IsTextObjectScaleStatic: 0
  m_VertexBufferAutoSizeReduction: 0
  m_useMaxVisibleDescender: 1
  m_pageToDisplay: 1
  m_margin: {x: 0, y: 0, z: 0, w: 0}
  m_isUsingLegacyAnimationComponent: 0
  m_isVolumetricText: 0
  m_hasFontAssetChanged: 0
  m_baseMaterial: {fileID: 0}
  m_maskOffset: {x: 0, y: 0, z: 0, w: 0}
--- !u!114 &291762899489432041
MonoBehaviour:
  m_ObjectHideFlags: 0
  m_CorrespondingSourceObject: {fileID: 0}
  m_PrefabInstance: {fileID: 0}
  m_PrefabAsset: {fileID: 0}
  m_GameObject: {fileID: 4298695056050480614}
  m_Enabled: 1
  m_EditorHideFlags: 0
  m_Script: {fileID: 11500000, guid: 3245ec927659c4140ac4f8d17403cc18, type: 3}
  m_Name: 
  m_EditorClassIdentifier: 
  m_HorizontalFit: 0
  m_VerticalFit: 2
--- !u!1 &4565387500215474175
GameObject:
  m_ObjectHideFlags: 0
  m_CorrespondingSourceObject: {fileID: 0}
  m_PrefabInstance: {fileID: 0}
  m_PrefabAsset: {fileID: 0}
  serializedVersion: 6
  m_Component:
  - component: {fileID: 6498074756520767740}
  - component: {fileID: 8214362835027645269}
  - component: {fileID: 2414866419874209130}
  - component: {fileID: 7732771356018987088}
  m_Layer: 5
  m_Name: ExplainIntro (1)
  m_TagString: Untagged
  m_Icon: {fileID: 0}
  m_NavMeshLayer: 0
  m_StaticEditorFlags: 0
  m_IsActive: 1
--- !u!224 &6498074756520767740
RectTransform:
  m_ObjectHideFlags: 0
  m_CorrespondingSourceObject: {fileID: 0}
  m_PrefabInstance: {fileID: 0}
  m_PrefabAsset: {fileID: 0}
  m_GameObject: {fileID: 4565387500215474175}
  m_LocalRotation: {x: 0, y: 0, z: 0, w: 1}
  m_LocalPosition: {x: 0, y: 0, z: 0}
  m_LocalScale: {x: 1, y: 1, z: 1}
  m_Children: []
  m_Father: {fileID: 3122696412990906293}
  m_RootOrder: 8
  m_LocalEulerAnglesHint: {x: 0, y: 0, z: 0}
  m_AnchorMin: {x: 0.5, y: 0}
  m_AnchorMax: {x: 0.5, y: 0}
  m_AnchoredPosition: {x: 0, y: 60}
  m_SizeDelta: {x: 780, y: 0}
  m_Pivot: {x: 0.5, y: 0}
--- !u!222 &8214362835027645269
CanvasRenderer:
  m_ObjectHideFlags: 0
  m_CorrespondingSourceObject: {fileID: 0}
  m_PrefabInstance: {fileID: 0}
  m_PrefabAsset: {fileID: 0}
  m_GameObject: {fileID: 4565387500215474175}
  m_CullTransparentMesh: 1
--- !u!114 &2414866419874209130
MonoBehaviour:
  m_ObjectHideFlags: 0
  m_CorrespondingSourceObject: {fileID: 0}
  m_PrefabInstance: {fileID: 0}
  m_PrefabAsset: {fileID: 0}
  m_GameObject: {fileID: 4565387500215474175}
  m_Enabled: 1
  m_EditorHideFlags: 0
  m_Script: {fileID: 11500000, guid: f4688fdb7df04437aeb418b961361dc5, type: 3}
  m_Name: 
  m_EditorClassIdentifier: 
  m_Material: {fileID: 0}
  m_Color: {r: 1, g: 1, b: 1, a: 1}
  m_RaycastTarget: 1
  m_RaycastPadding: {x: 0, y: 0, z: 0, w: 0}
  m_Maskable: 1
  m_OnCullStateChanged:
    m_PersistentCalls:
      m_Calls: []
  m_text: Iedere dag is er een nieuw woord om te raden!
  m_isRightToLeft: 0
  m_fontAsset: {fileID: 11400000, guid: 77ea4ec2acd323442a2af7c0f9d9e6ba, type: 2}
  m_sharedMaterial: {fileID: 3856835868066052790, guid: 77ea4ec2acd323442a2af7c0f9d9e6ba, type: 2}
  m_fontSharedMaterials: []
  m_fontMaterial: {fileID: 0}
  m_fontMaterials: []
  m_fontColor32:
    serializedVersion: 2
    rgba: 4293848814
  m_fontColor: {r: 0.9339623, g: 0.9339623, b: 0.9339623, a: 1}
  m_enableVertexGradient: 0
  m_colorMode: 3
  m_fontColorGradient:
    topLeft: {r: 1, g: 1, b: 1, a: 1}
    topRight: {r: 1, g: 1, b: 1, a: 1}
    bottomLeft: {r: 1, g: 1, b: 1, a: 1}
    bottomRight: {r: 1, g: 1, b: 1, a: 1}
  m_fontColorGradientPreset: {fileID: 0}
  m_spriteAsset: {fileID: 0}
  m_tintAllSprites: 0
  m_StyleSheet: {fileID: 0}
  m_TextStyleHashCode: -1183493901
  m_overrideHtmlColors: 0
  m_faceColor:
    serializedVersion: 2
    rgba: 4294967295
  m_fontSize: 32
  m_fontSizeBase: 32
  m_fontWeight: 400
  m_enableAutoSizing: 0
  m_fontSizeMin: 18
  m_fontSizeMax: 72
  m_fontStyle: 2
  m_HorizontalAlignment: 2
  m_VerticalAlignment: 256
  m_textAlignment: 65535
  m_characterSpacing: 0
  m_wordSpacing: 0
  m_lineSpacing: 0
  m_lineSpacingMax: 0
  m_paragraphSpacing: 0
  m_charWidthMaxAdj: 0
  m_enableWordWrapping: 1
  m_wordWrappingRatios: 0.4
  m_overflowMode: 0
  m_linkedTextComponent: {fileID: 0}
  parentLinkedComponent: {fileID: 0}
  m_enableKerning: 1
  m_enableExtraPadding: 0
  checkPaddingRequired: 0
  m_isRichText: 1
  m_parseCtrlCharacters: 1
  m_isOrthographic: 1
  m_isCullingEnabled: 0
  m_horizontalMapping: 0
  m_verticalMapping: 0
  m_uvLineOffset: 0
  m_geometrySortingOrder: 0
  m_IsTextObjectScaleStatic: 0
  m_VertexBufferAutoSizeReduction: 0
  m_useMaxVisibleDescender: 1
  m_pageToDisplay: 1
  m_margin: {x: 0, y: 0, z: 0, w: 0}
  m_isUsingLegacyAnimationComponent: 0
  m_isVolumetricText: 0
  m_hasFontAssetChanged: 0
  m_baseMaterial: {fileID: 0}
  m_maskOffset: {x: 0, y: 0, z: 0, w: 0}
--- !u!114 &7732771356018987088
MonoBehaviour:
  m_ObjectHideFlags: 0
  m_CorrespondingSourceObject: {fileID: 0}
  m_PrefabInstance: {fileID: 0}
  m_PrefabAsset: {fileID: 0}
  m_GameObject: {fileID: 4565387500215474175}
  m_Enabled: 1
  m_EditorHideFlags: 0
  m_Script: {fileID: 11500000, guid: 3245ec927659c4140ac4f8d17403cc18, type: 3}
  m_Name: 
  m_EditorClassIdentifier: 
  m_HorizontalFit: 0
  m_VerticalFit: 2
--- !u!1 &5822512973670672197
GameObject:
  m_ObjectHideFlags: 0
  m_CorrespondingSourceObject: {fileID: 0}
  m_PrefabInstance: {fileID: 0}
  m_PrefabAsset: {fileID: 0}
  serializedVersion: 6
  m_Component:
  - component: {fileID: 3122696412990906293}
  - component: {fileID: 8647104321254615962}
  - component: {fileID: 5166696923151907854}
  m_Layer: 5
  m_Name: Container
  m_TagString: Untagged
  m_Icon: {fileID: 0}
  m_NavMeshLayer: 0
  m_StaticEditorFlags: 0
  m_IsActive: 1
--- !u!224 &3122696412990906293
RectTransform:
  m_ObjectHideFlags: 0
  m_CorrespondingSourceObject: {fileID: 0}
  m_PrefabInstance: {fileID: 0}
  m_PrefabAsset: {fileID: 0}
  m_GameObject: {fileID: 5822512973670672197}
  m_LocalRotation: {x: 0, y: 0, z: 0, w: 1}
  m_LocalPosition: {x: 0, y: 0, z: 0}
  m_LocalScale: {x: 1, y: 1, z: 1}
  m_Children:
  - {fileID: 2447859725023693750}
  - {fileID: 8184862018248104455}
  - {fileID: 2023319189487542573}
  - {fileID: 839338128273450267}
  - {fileID: 7585710333430121831}
  - {fileID: 7838865507169498289}
  - {fileID: 5545712859041690187}
  - {fileID: 1448733991068413792}
  - {fileID: 6498074756520767740}
  - {fileID: 4004184897795450667}
  m_Father: {fileID: 6401074515264550981}
  m_RootOrder: 0
  m_LocalEulerAnglesHint: {x: 0, y: 0, z: 0}
  m_AnchorMin: {x: 0.5, y: 0.5}
  m_AnchorMax: {x: 0.5, y: 0.5}
  m_AnchoredPosition: {x: 0, y: 0}
  m_SizeDelta: {x: 900, y: 1350}
  m_Pivot: {x: 0.5, y: 0.5}
--- !u!222 &8647104321254615962
CanvasRenderer:
  m_ObjectHideFlags: 0
  m_CorrespondingSourceObject: {fileID: 0}
  m_PrefabInstance: {fileID: 0}
  m_PrefabAsset: {fileID: 0}
  m_GameObject: {fileID: 5822512973670672197}
  m_CullTransparentMesh: 1
--- !u!114 &5166696923151907854
MonoBehaviour:
  m_ObjectHideFlags: 0
  m_CorrespondingSourceObject: {fileID: 0}
  m_PrefabInstance: {fileID: 0}
  m_PrefabAsset: {fileID: 0}
  m_GameObject: {fileID: 5822512973670672197}
  m_Enabled: 1
  m_EditorHideFlags: 0
  m_Script: {fileID: 11500000, guid: fe87c0e1cc204ed48ad3b37840f39efc, type: 3}
  m_Name: 
  m_EditorClassIdentifier: 
  m_Material: {fileID: 0}
  m_Color: {r: 0.023529412, g: 0.02745098, b: 0.05490196, a: 1}
  m_RaycastTarget: 1
  m_RaycastPadding: {x: 0, y: 0, z: 0, w: 0}
  m_Maskable: 1
  m_OnCullStateChanged:
    m_PersistentCalls:
      m_Calls: []
  m_Sprite: {fileID: 0}
  m_Type: 0
  m_PreserveAspect: 0
  m_FillCenter: 1
  m_FillMethod: 4
  m_FillAmount: 1
  m_FillClockwise: 1
  m_FillOrigin: 0
  m_UseSpriteMesh: 0
  m_PixelsPerUnitMultiplier: 1
--- !u!1 &5990177212020503215
GameObject:
  m_ObjectHideFlags: 0
  m_CorrespondingSourceObject: {fileID: 0}
  m_PrefabInstance: {fileID: 0}
  m_PrefabAsset: {fileID: 0}
  serializedVersion: 6
  m_Component:
  - component: {fileID: 4004184897795450667}
  - component: {fileID: 5259867213349590182}
  - component: {fileID: 7746605157099235260}
  - component: {fileID: 275798879251334038}
  m_Layer: 5
  m_Name: CloseButton
  m_TagString: Untagged
  m_Icon: {fileID: 0}
  m_NavMeshLayer: 0
  m_StaticEditorFlags: 0
  m_IsActive: 1
--- !u!224 &4004184897795450667
RectTransform:
  m_ObjectHideFlags: 0
  m_CorrespondingSourceObject: {fileID: 0}
  m_PrefabInstance: {fileID: 0}
  m_PrefabAsset: {fileID: 0}
  m_GameObject: {fileID: 5990177212020503215}
  m_LocalRotation: {x: 0, y: 0, z: 0, w: 1}
  m_LocalPosition: {x: 0, y: 0, z: 0}
  m_LocalScale: {x: 1, y: 1, z: 1}
  m_Children: []
  m_Father: {fileID: 3122696412990906293}
  m_RootOrder: 9
  m_LocalEulerAnglesHint: {x: 0, y: 0, z: 0}
  m_AnchorMin: {x: 1, y: 1}
  m_AnchorMax: {x: 1, y: 1}
  m_AnchoredPosition: {x: -10, y: -10}
  m_SizeDelta: {x: 60, y: 60}
  m_Pivot: {x: 1, y: 1}
--- !u!222 &5259867213349590182
CanvasRenderer:
  m_ObjectHideFlags: 0
  m_CorrespondingSourceObject: {fileID: 0}
  m_PrefabInstance: {fileID: 0}
  m_PrefabAsset: {fileID: 0}
  m_GameObject: {fileID: 5990177212020503215}
  m_CullTransparentMesh: 1
--- !u!114 &7746605157099235260
MonoBehaviour:
  m_ObjectHideFlags: 0
  m_CorrespondingSourceObject: {fileID: 0}
  m_PrefabInstance: {fileID: 0}
  m_PrefabAsset: {fileID: 0}
  m_GameObject: {fileID: 5990177212020503215}
  m_Enabled: 1
  m_EditorHideFlags: 0
  m_Script: {fileID: 11500000, guid: fe87c0e1cc204ed48ad3b37840f39efc, type: 3}
  m_Name: 
  m_EditorClassIdentifier: 
  m_Material: {fileID: 0}
  m_Color: {r: 0.65882355, g: 0.8784314, b: 1, a: 1}
  m_RaycastTarget: 1
  m_RaycastPadding: {x: 0, y: 0, z: 0, w: 0}
  m_Maskable: 1
  m_OnCullStateChanged:
    m_PersistentCalls:
      m_Calls: []
  m_Sprite: {fileID: 21300000, guid: bd1d3f20873964acf9209017b108e6c6, type: 3}
  m_Type: 0
  m_PreserveAspect: 1
  m_FillCenter: 1
  m_FillMethod: 4
  m_FillAmount: 1
  m_FillClockwise: 1
  m_FillOrigin: 0
  m_UseSpriteMesh: 0
  m_PixelsPerUnitMultiplier: 1
--- !u!114 &275798879251334038
MonoBehaviour:
  m_ObjectHideFlags: 0
  m_CorrespondingSourceObject: {fileID: 0}
  m_PrefabInstance: {fileID: 0}
  m_PrefabAsset: {fileID: 0}
  m_GameObject: {fileID: 5990177212020503215}
  m_Enabled: 1
  m_EditorHideFlags: 0
  m_Script: {fileID: 11500000, guid: 4e29b1a8efbd4b44bb3f3716e73f07ff, type: 3}
  m_Name: 
  m_EditorClassIdentifier: 
  m_Navigation:
    m_Mode: 3
    m_WrapAround: 0
    m_SelectOnUp: {fileID: 0}
    m_SelectOnDown: {fileID: 0}
    m_SelectOnLeft: {fileID: 0}
    m_SelectOnRight: {fileID: 0}
  m_Transition: 1
  m_Colors:
    m_NormalColor: {r: 1, g: 1, b: 1, a: 1}
    m_HighlightedColor: {r: 0.9607843, g: 0.9607843, b: 0.9607843, a: 1}
    m_PressedColor: {r: 0.78431374, g: 0.78431374, b: 0.78431374, a: 1}
    m_SelectedColor: {r: 0.9607843, g: 0.9607843, b: 0.9607843, a: 1}
    m_DisabledColor: {r: 0.78431374, g: 0.78431374, b: 0.78431374, a: 0.5019608}
    m_ColorMultiplier: 1
    m_FadeDuration: 0.1
  m_SpriteState:
    m_HighlightedSprite: {fileID: 0}
    m_PressedSprite: {fileID: 0}
    m_SelectedSprite: {fileID: 0}
    m_DisabledSprite: {fileID: 0}
  m_AnimationTriggers:
    m_NormalTrigger: Normal
    m_HighlightedTrigger: Highlighted
    m_PressedTrigger: Pressed
    m_SelectedTrigger: Selected
    m_DisabledTrigger: Disabled
  m_Interactable: 1
  m_TargetGraphic: {fileID: 7746605157099235260}
  m_OnClick:
    m_PersistentCalls:
      m_Calls: []
--- !u!1 &6326746066569529535
GameObject:
  m_ObjectHideFlags: 0
  m_CorrespondingSourceObject: {fileID: 0}
  m_PrefabInstance: {fileID: 0}
  m_PrefabAsset: {fileID: 0}
  serializedVersion: 6
  m_Component:
  - component: {fileID: 8184862018248104455}
  - component: {fileID: 5963281059700773264}
  - component: {fileID: 2978760875151121396}
  - component: {fileID: 3123577045462441860}
  m_Layer: 5
  m_Name: ExplainIntro
  m_TagString: Untagged
  m_Icon: {fileID: 0}
  m_NavMeshLayer: 0
  m_StaticEditorFlags: 0
  m_IsActive: 1
--- !u!224 &8184862018248104455
RectTransform:
  m_ObjectHideFlags: 0
  m_CorrespondingSourceObject: {fileID: 0}
  m_PrefabInstance: {fileID: 0}
  m_PrefabAsset: {fileID: 0}
  m_GameObject: {fileID: 6326746066569529535}
  m_LocalRotation: {x: 0, y: 0, z: 0, w: 1}
  m_LocalPosition: {x: 0, y: 0, z: 0}
  m_LocalScale: {x: 1, y: 1, z: 1}
  m_Children: []
  m_Father: {fileID: 3122696412990906293}
  m_RootOrder: 1
  m_LocalEulerAnglesHint: {x: 0, y: 0, z: 0}
  m_AnchorMin: {x: 0, y: 1}
  m_AnchorMax: {x: 1, y: 1}
  m_AnchoredPosition: {x: 0, y: -170.1}
  m_SizeDelta: {x: -120, y: 0}
  m_Pivot: {x: 0.5, y: 1}
--- !u!222 &5963281059700773264
CanvasRenderer:
  m_ObjectHideFlags: 0
  m_CorrespondingSourceObject: {fileID: 0}
  m_PrefabInstance: {fileID: 0}
  m_PrefabAsset: {fileID: 0}
  m_GameObject: {fileID: 6326746066569529535}
  m_CullTransparentMesh: 1
--- !u!114 &2978760875151121396
MonoBehaviour:
  m_ObjectHideFlags: 0
  m_CorrespondingSourceObject: {fileID: 0}
  m_PrefabInstance: {fileID: 0}
  m_PrefabAsset: {fileID: 0}
  m_GameObject: {fileID: 6326746066569529535}
  m_Enabled: 1
  m_EditorHideFlags: 0
  m_Script: {fileID: 11500000, guid: f4688fdb7df04437aeb418b961361dc5, type: 3}
  m_Name: 
  m_EditorClassIdentifier: 
  m_Material: {fileID: 0}
  m_Color: {r: 1, g: 1, b: 1, a: 1}
  m_RaycastTarget: 1
  m_RaycastPadding: {x: 0, y: 0, z: 0, w: 0}
  m_Maskable: 1
  m_OnCullStateChanged:
    m_PersistentCalls:
      m_Calls: []
  m_text: "Raad het woord in 6 beurten. \n\nBij iedere poging wordt er gecheckt of
    het een woord is in ons woordenboek. Klik op 'Check het woord' om te raden.\n\nNa
    iedere poging worden de letters gekleurd naar juistheid."
  m_isRightToLeft: 0
  m_fontAsset: {fileID: 11400000, guid: 77ea4ec2acd323442a2af7c0f9d9e6ba, type: 2}
  m_sharedMaterial: {fileID: 3856835868066052790, guid: 77ea4ec2acd323442a2af7c0f9d9e6ba, type: 2}
  m_fontSharedMaterials: []
  m_fontMaterial: {fileID: 0}
  m_fontMaterials: []
  m_fontColor32:
    serializedVersion: 2
    rgba: 4293848814
  m_fontColor: {r: 0.9339623, g: 0.9339623, b: 0.9339623, a: 1}
  m_enableVertexGradient: 0
  m_colorMode: 3
  m_fontColorGradient:
    topLeft: {r: 1, g: 1, b: 1, a: 1}
    topRight: {r: 1, g: 1, b: 1, a: 1}
    bottomLeft: {r: 1, g: 1, b: 1, a: 1}
    bottomRight: {r: 1, g: 1, b: 1, a: 1}
  m_fontColorGradientPreset: {fileID: 0}
  m_spriteAsset: {fileID: 0}
  m_tintAllSprites: 0
  m_StyleSheet: {fileID: 0}
  m_TextStyleHashCode: -1183493901
  m_overrideHtmlColors: 0
  m_faceColor:
    serializedVersion: 2
    rgba: 4294967295
  m_fontSize: 32
  m_fontSizeBase: 32
  m_fontWeight: 400
  m_enableAutoSizing: 0
  m_fontSizeMin: 18
  m_fontSizeMax: 72
  m_fontStyle: 0
  m_HorizontalAlignment: 1
  m_VerticalAlignment: 256
  m_textAlignment: 65535
  m_characterSpacing: 0
  m_wordSpacing: 0
  m_lineSpacing: 0
  m_lineSpacingMax: 0
  m_paragraphSpacing: 0
  m_charWidthMaxAdj: 0
  m_enableWordWrapping: 1
  m_wordWrappingRatios: 0.4
  m_overflowMode: 0
  m_linkedTextComponent: {fileID: 0}
  parentLinkedComponent: {fileID: 0}
  m_enableKerning: 1
  m_enableExtraPadding: 0
  checkPaddingRequired: 0
  m_isRichText: 1
  m_parseCtrlCharacters: 1
  m_isOrthographic: 1
  m_isCullingEnabled: 0
  m_horizontalMapping: 0
  m_verticalMapping: 0
  m_uvLineOffset: 0
  m_geometrySortingOrder: 0
  m_IsTextObjectScaleStatic: 0
  m_VertexBufferAutoSizeReduction: 0
  m_useMaxVisibleDescender: 1
  m_pageToDisplay: 1
  m_margin: {x: 0, y: 0, z: 0, w: 0}
  m_isUsingLegacyAnimationComponent: 0
  m_isVolumetricText: 0
  m_hasFontAssetChanged: 0
  m_baseMaterial: {fileID: 0}
  m_maskOffset: {x: 0, y: 0, z: 0, w: 0}
--- !u!114 &3123577045462441860
MonoBehaviour:
  m_ObjectHideFlags: 0
  m_CorrespondingSourceObject: {fileID: 0}
  m_PrefabInstance: {fileID: 0}
  m_PrefabAsset: {fileID: 0}
  m_GameObject: {fileID: 6326746066569529535}
  m_Enabled: 1
  m_EditorHideFlags: 0
  m_Script: {fileID: 11500000, guid: 3245ec927659c4140ac4f8d17403cc18, type: 3}
  m_Name: 
  m_EditorClassIdentifier: 
  m_HorizontalFit: 0
  m_VerticalFit: 2
--- !u!1 &7525877644174323546
GameObject:
  m_ObjectHideFlags: 0
  m_CorrespondingSourceObject: {fileID: 0}
  m_PrefabInstance: {fileID: 0}
  m_PrefabAsset: {fileID: 0}
  serializedVersion: 6
  m_Component:
  - component: {fileID: 1448733991068413792}
  - component: {fileID: 9076849689443875048}
  - component: {fileID: 5317690822757932119}
  - component: {fileID: 5040606005222771162}
  m_Layer: 5
  m_Name: ExplainWrong
  m_TagString: Untagged
  m_Icon: {fileID: 0}
  m_NavMeshLayer: 0
  m_StaticEditorFlags: 0
  m_IsActive: 1
--- !u!224 &1448733991068413792
RectTransform:
  m_ObjectHideFlags: 0
  m_CorrespondingSourceObject: {fileID: 0}
  m_PrefabInstance: {fileID: 0}
  m_PrefabAsset: {fileID: 0}
  m_GameObject: {fileID: 7525877644174323546}
  m_LocalRotation: {x: 0, y: 0, z: 0, w: 1}
  m_LocalPosition: {x: 0, y: 0, z: 0}
  m_LocalScale: {x: 1, y: 1, z: 1}
  m_Children: []
  m_Father: {fileID: 3122696412990906293}
  m_RootOrder: 7
  m_LocalEulerAnglesHint: {x: 0, y: 0, z: 0}
  m_AnchorMin: {x: 0, y: 1}
  m_AnchorMax: {x: 1, y: 1}
  m_AnchoredPosition: {x: 0, y: -1114.45}
  m_SizeDelta: {x: -120, y: 0}
  m_Pivot: {x: 0.5, y: 1}
--- !u!222 &9076849689443875048
CanvasRenderer:
  m_ObjectHideFlags: 0
  m_CorrespondingSourceObject: {fileID: 0}
  m_PrefabInstance: {fileID: 0}
  m_PrefabAsset: {fileID: 0}
  m_GameObject: {fileID: 7525877644174323546}
  m_CullTransparentMesh: 1
--- !u!114 &5317690822757932119
MonoBehaviour:
  m_ObjectHideFlags: 0
  m_CorrespondingSourceObject: {fileID: 0}
  m_PrefabInstance: {fileID: 0}
  m_PrefabAsset: {fileID: 0}
  m_GameObject: {fileID: 7525877644174323546}
  m_Enabled: 1
  m_EditorHideFlags: 0
  m_Script: {fileID: 11500000, guid: f4688fdb7df04437aeb418b961361dc5, type: 3}
  m_Name: 
  m_EditorClassIdentifier: 
  m_Material: {fileID: 0}
  m_Color: {r: 1, g: 1, b: 1, a: 1}
  m_RaycastTarget: 1
  m_RaycastPadding: {x: 0, y: 0, z: 0, w: 0}
  m_Maskable: 1
  m_OnCullStateChanged:
    m_PersistentCalls:
      m_Calls: []
  m_text: Letters die niet in het woord voorkomen.
  m_isRightToLeft: 0
  m_fontAsset: {fileID: 11400000, guid: 77ea4ec2acd323442a2af7c0f9d9e6ba, type: 2}
  m_sharedMaterial: {fileID: 3856835868066052790, guid: 77ea4ec2acd323442a2af7c0f9d9e6ba, type: 2}
  m_fontSharedMaterials: []
  m_fontMaterial: {fileID: 0}
  m_fontMaterials: []
  m_fontColor32:
    serializedVersion: 2
    rgba: 4293848814
  m_fontColor: {r: 0.9339623, g: 0.9339623, b: 0.9339623, a: 1}
  m_enableVertexGradient: 0
  m_colorMode: 3
  m_fontColorGradient:
    topLeft: {r: 1, g: 1, b: 1, a: 1}
    topRight: {r: 1, g: 1, b: 1, a: 1}
    bottomLeft: {r: 1, g: 1, b: 1, a: 1}
    bottomRight: {r: 1, g: 1, b: 1, a: 1}
  m_fontColorGradientPreset: {fileID: 0}
  m_spriteAsset: {fileID: 0}
  m_tintAllSprites: 0
  m_StyleSheet: {fileID: 0}
  m_TextStyleHashCode: -1183493901
  m_overrideHtmlColors: 0
  m_faceColor:
    serializedVersion: 2
    rgba: 4294967295
  m_fontSize: 32
  m_fontSizeBase: 32
  m_fontWeight: 400
  m_enableAutoSizing: 0
  m_fontSizeMin: 18
  m_fontSizeMax: 72
  m_fontStyle: 0
  m_HorizontalAlignment: 2
  m_VerticalAlignment: 256
  m_textAlignment: 65535
  m_characterSpacing: 0
  m_wordSpacing: 0
  m_lineSpacing: 0
  m_lineSpacingMax: 0
  m_paragraphSpacing: 0
  m_charWidthMaxAdj: 0
  m_enableWordWrapping: 1
  m_wordWrappingRatios: 0.4
  m_overflowMode: 0
  m_linkedTextComponent: {fileID: 0}
  parentLinkedComponent: {fileID: 0}
  m_enableKerning: 1
  m_enableExtraPadding: 0
  checkPaddingRequired: 0
  m_isRichText: 1
  m_parseCtrlCharacters: 1
  m_isOrthographic: 1
  m_isCullingEnabled: 0
  m_horizontalMapping: 0
  m_verticalMapping: 0
  m_uvLineOffset: 0
  m_geometrySortingOrder: 0
  m_IsTextObjectScaleStatic: 0
  m_VertexBufferAutoSizeReduction: 0
  m_useMaxVisibleDescender: 1
  m_pageToDisplay: 1
  m_margin: {x: 0, y: 0, z: 0, w: 0}
  m_isUsingLegacyAnimationComponent: 0
  m_isVolumetricText: 0
  m_hasFontAssetChanged: 0
  m_baseMaterial: {fileID: 0}
  m_maskOffset: {x: 0, y: 0, z: 0, w: 0}
--- !u!114 &5040606005222771162
MonoBehaviour:
  m_ObjectHideFlags: 0
  m_CorrespondingSourceObject: {fileID: 0}
  m_PrefabInstance: {fileID: 0}
  m_PrefabAsset: {fileID: 0}
  m_GameObject: {fileID: 7525877644174323546}
  m_Enabled: 1
  m_EditorHideFlags: 0
  m_Script: {fileID: 11500000, guid: 3245ec927659c4140ac4f8d17403cc18, type: 3}
  m_Name: 
  m_EditorClassIdentifier: 
  m_HorizontalFit: 0
  m_VerticalFit: 2
--- !u!1001 &437117212273408637
PrefabInstance:
  m_ObjectHideFlags: 0
  serializedVersion: 2
  m_Modification:
    m_TransformParent: {fileID: 3122696412990906293}
    m_Modifications:
    - target: {fileID: 476256653287028408, guid: 5260c8d933eae07418fc4de7ac7b2681, type: 3}
      propertyPath: m_AnchorMax.y
      value: 0
      objectReference: {fileID: 0}
    - target: {fileID: 476256653287028408, guid: 5260c8d933eae07418fc4de7ac7b2681, type: 3}
      propertyPath: m_AnchorMin.y
      value: 0
      objectReference: {fileID: 0}
    - target: {fileID: 476256653287028408, guid: 5260c8d933eae07418fc4de7ac7b2681, type: 3}
      propertyPath: m_AnchoredPosition.x
      value: 0
      objectReference: {fileID: 0}
    - target: {fileID: 476256653287028408, guid: 5260c8d933eae07418fc4de7ac7b2681, type: 3}
      propertyPath: m_AnchoredPosition.y
      value: 0
      objectReference: {fileID: 0}
    - target: {fileID: 1325725627660482093, guid: 5260c8d933eae07418fc4de7ac7b2681, type: 3}
      propertyPath: m_IsActive
      value: 0
      objectReference: {fileID: 0}
    - target: {fileID: 1325725627978200394, guid: 5260c8d933eae07418fc4de7ac7b2681, type: 3}
      propertyPath: m_IsActive
      value: 0
      objectReference: {fileID: 0}
    - target: {fileID: 1325725628178256301, guid: 5260c8d933eae07418fc4de7ac7b2681, type: 3}
      propertyPath: m_IsActive
      value: 0
      objectReference: {fileID: 0}
    - target: {fileID: 1325725628477041353, guid: 5260c8d933eae07418fc4de7ac7b2681, type: 3}
      propertyPath: m_IsActive
      value: 0
      objectReference: {fileID: 0}
    - target: {fileID: 1874823304987089744, guid: 5260c8d933eae07418fc4de7ac7b2681, type: 3}
      propertyPath: m_Pivot.x
      value: 0.5
      objectReference: {fileID: 0}
    - target: {fileID: 1874823304987089744, guid: 5260c8d933eae07418fc4de7ac7b2681, type: 3}
      propertyPath: m_Pivot.y
      value: 1
      objectReference: {fileID: 0}
    - target: {fileID: 1874823304987089744, guid: 5260c8d933eae07418fc4de7ac7b2681, type: 3}
      propertyPath: m_RootOrder
      value: 2
      objectReference: {fileID: 0}
    - target: {fileID: 1874823304987089744, guid: 5260c8d933eae07418fc4de7ac7b2681, type: 3}
      propertyPath: m_AnchorMax.x
      value: 0.5
      objectReference: {fileID: 0}
    - target: {fileID: 1874823304987089744, guid: 5260c8d933eae07418fc4de7ac7b2681, type: 3}
      propertyPath: m_AnchorMax.y
      value: 1
      objectReference: {fileID: 0}
    - target: {fileID: 1874823304987089744, guid: 5260c8d933eae07418fc4de7ac7b2681, type: 3}
      propertyPath: m_AnchorMin.x
      value: 0.5
      objectReference: {fileID: 0}
    - target: {fileID: 1874823304987089744, guid: 5260c8d933eae07418fc4de7ac7b2681, type: 3}
      propertyPath: m_AnchorMin.y
      value: 1
      objectReference: {fileID: 0}
    - target: {fileID: 1874823304987089744, guid: 5260c8d933eae07418fc4de7ac7b2681, type: 3}
      propertyPath: m_SizeDelta.x
      value: 0
      objectReference: {fileID: 0}
    - target: {fileID: 1874823304987089744, guid: 5260c8d933eae07418fc4de7ac7b2681, type: 3}
      propertyPath: m_SizeDelta.y
      value: 0
      objectReference: {fileID: 0}
    - target: {fileID: 1874823304987089744, guid: 5260c8d933eae07418fc4de7ac7b2681, type: 3}
      propertyPath: m_LocalPosition.x
      value: 0
      objectReference: {fileID: 0}
    - target: {fileID: 1874823304987089744, guid: 5260c8d933eae07418fc4de7ac7b2681, type: 3}
      propertyPath: m_LocalPosition.y
      value: 0
      objectReference: {fileID: 0}
    - target: {fileID: 1874823304987089744, guid: 5260c8d933eae07418fc4de7ac7b2681, type: 3}
      propertyPath: m_LocalPosition.z
      value: 0
      objectReference: {fileID: 0}
    - target: {fileID: 1874823304987089744, guid: 5260c8d933eae07418fc4de7ac7b2681, type: 3}
      propertyPath: m_LocalRotation.w
      value: 1
      objectReference: {fileID: 0}
    - target: {fileID: 1874823304987089744, guid: 5260c8d933eae07418fc4de7ac7b2681, type: 3}
      propertyPath: m_LocalRotation.x
      value: -0
      objectReference: {fileID: 0}
    - target: {fileID: 1874823304987089744, guid: 5260c8d933eae07418fc4de7ac7b2681, type: 3}
      propertyPath: m_LocalRotation.y
      value: -0
      objectReference: {fileID: 0}
    - target: {fileID: 1874823304987089744, guid: 5260c8d933eae07418fc4de7ac7b2681, type: 3}
      propertyPath: m_LocalRotation.z
      value: -0
      objectReference: {fileID: 0}
    - target: {fileID: 1874823304987089744, guid: 5260c8d933eae07418fc4de7ac7b2681, type: 3}
      propertyPath: m_AnchoredPosition.x
      value: 0
      objectReference: {fileID: 0}
    - target: {fileID: 1874823304987089744, guid: 5260c8d933eae07418fc4de7ac7b2681, type: 3}
      propertyPath: m_AnchoredPosition.y
      value: -534
      objectReference: {fileID: 0}
    - target: {fileID: 1874823304987089744, guid: 5260c8d933eae07418fc4de7ac7b2681, type: 3}
      propertyPath: m_LocalEulerAnglesHint.x
      value: 0
      objectReference: {fileID: 0}
    - target: {fileID: 1874823304987089744, guid: 5260c8d933eae07418fc4de7ac7b2681, type: 3}
      propertyPath: m_LocalEulerAnglesHint.y
      value: 0
      objectReference: {fileID: 0}
    - target: {fileID: 1874823304987089744, guid: 5260c8d933eae07418fc4de7ac7b2681, type: 3}
      propertyPath: m_LocalEulerAnglesHint.z
      value: 0
      objectReference: {fileID: 0}
    - target: {fileID: 1874823304987089745, guid: 5260c8d933eae07418fc4de7ac7b2681, type: 3}
      propertyPath: m_Name
      value: Row-Good
      objectReference: {fileID: 0}
    - target: {fileID: 2159926316413331672, guid: 5260c8d933eae07418fc4de7ac7b2681, type: 3}
      propertyPath: m_text
      value: B
      objectReference: {fileID: 0}
    - target: {fileID: 2717601474580916129, guid: 5260c8d933eae07418fc4de7ac7b2681, type: 3}
      propertyPath: m_text
      value: F
      objectReference: {fileID: 0}
    - target: {fileID: 2717601474775270214, guid: 5260c8d933eae07418fc4de7ac7b2681, type: 3}
      propertyPath: m_text
      value: J
      objectReference: {fileID: 0}
    - target: {fileID: 2717601475416693957, guid: 5260c8d933eae07418fc4de7ac7b2681, type: 3}
      propertyPath: m_text
      value: I
      objectReference: {fileID: 0}
    - target: {fileID: 2717601476202381345, guid: 5260c8d933eae07418fc4de7ac7b2681, type: 3}
      propertyPath: m_text
      value: L
      objectReference: {fileID: 0}
    - target: {fileID: 3038427547871141588, guid: 5260c8d933eae07418fc4de7ac7b2681, type: 3}
      propertyPath: m_IsActive
      value: 0
      objectReference: {fileID: 0}
    - target: {fileID: 3575729468757380858, guid: 5260c8d933eae07418fc4de7ac7b2681, type: 3}
      propertyPath: m_IsActive
      value: 0
      objectReference: {fileID: 0}
    - target: {fileID: 4527038233390718529, guid: 5260c8d933eae07418fc4de7ac7b2681, type: 3}
      propertyPath: m_AnchorMax.y
      value: 0
      objectReference: {fileID: 0}
    - target: {fileID: 4527038233390718529, guid: 5260c8d933eae07418fc4de7ac7b2681, type: 3}
      propertyPath: m_AnchorMin.y
      value: 0
      objectReference: {fileID: 0}
    - target: {fileID: 4527038233390718529, guid: 5260c8d933eae07418fc4de7ac7b2681, type: 3}
      propertyPath: m_AnchoredPosition.x
      value: 0
      objectReference: {fileID: 0}
    - target: {fileID: 4527038233390718529, guid: 5260c8d933eae07418fc4de7ac7b2681, type: 3}
      propertyPath: m_AnchoredPosition.y
      value: 0
      objectReference: {fileID: 0}
    - target: {fileID: 4527038233741991206, guid: 5260c8d933eae07418fc4de7ac7b2681, type: 3}
      propertyPath: m_AnchorMax.y
      value: 0
      objectReference: {fileID: 0}
    - target: {fileID: 4527038233741991206, guid: 5260c8d933eae07418fc4de7ac7b2681, type: 3}
      propertyPath: m_AnchorMin.y
      value: 0
      objectReference: {fileID: 0}
    - target: {fileID: 4527038233741991206, guid: 5260c8d933eae07418fc4de7ac7b2681, type: 3}
      propertyPath: m_AnchoredPosition.x
      value: 0
      objectReference: {fileID: 0}
    - target: {fileID: 4527038233741991206, guid: 5260c8d933eae07418fc4de7ac7b2681, type: 3}
      propertyPath: m_AnchoredPosition.y
      value: 0
      objectReference: {fileID: 0}
    - target: {fileID: 4527038233942063553, guid: 5260c8d933eae07418fc4de7ac7b2681, type: 3}
      propertyPath: m_AnchorMax.y
      value: 0
      objectReference: {fileID: 0}
    - target: {fileID: 4527038233942063553, guid: 5260c8d933eae07418fc4de7ac7b2681, type: 3}
      propertyPath: m_AnchorMin.y
      value: 0
      objectReference: {fileID: 0}
    - target: {fileID: 4527038233942063553, guid: 5260c8d933eae07418fc4de7ac7b2681, type: 3}
      propertyPath: m_AnchoredPosition.x
      value: 0
      objectReference: {fileID: 0}
    - target: {fileID: 4527038233942063553, guid: 5260c8d933eae07418fc4de7ac7b2681, type: 3}
      propertyPath: m_AnchoredPosition.y
      value: 0
      objectReference: {fileID: 0}
    - target: {fileID: 4527038234173719205, guid: 5260c8d933eae07418fc4de7ac7b2681, type: 3}
      propertyPath: m_AnchorMax.y
      value: 0
      objectReference: {fileID: 0}
    - target: {fileID: 4527038234173719205, guid: 5260c8d933eae07418fc4de7ac7b2681, type: 3}
      propertyPath: m_AnchorMin.y
      value: 0
      objectReference: {fileID: 0}
    - target: {fileID: 4527038234173719205, guid: 5260c8d933eae07418fc4de7ac7b2681, type: 3}
      propertyPath: m_AnchoredPosition.x
      value: 0
      objectReference: {fileID: 0}
    - target: {fileID: 4527038234173719205, guid: 5260c8d933eae07418fc4de7ac7b2681, type: 3}
      propertyPath: m_AnchoredPosition.y
      value: 0
      objectReference: {fileID: 0}
    - target: {fileID: 4915469915178967814, guid: 5260c8d933eae07418fc4de7ac7b2681, type: 3}
      propertyPath: m_Color.b
      value: 0.754717
      objectReference: {fileID: 0}
    - target: {fileID: 4915469915178967814, guid: 5260c8d933eae07418fc4de7ac7b2681, type: 3}
      propertyPath: m_Color.g
      value: 0.754717
      objectReference: {fileID: 0}
    - target: {fileID: 4915469915178967814, guid: 5260c8d933eae07418fc4de7ac7b2681, type: 3}
      propertyPath: m_Color.r
      value: 0.754717
      objectReference: {fileID: 0}
    - target: {fileID: 4915469915362467937, guid: 5260c8d933eae07418fc4de7ac7b2681, type: 3}
      propertyPath: m_Color.b
      value: 0.754717
      objectReference: {fileID: 0}
    - target: {fileID: 4915469915362467937, guid: 5260c8d933eae07418fc4de7ac7b2681, type: 3}
      propertyPath: m_Color.g
      value: 0.754717
      objectReference: {fileID: 0}
    - target: {fileID: 4915469915362467937, guid: 5260c8d933eae07418fc4de7ac7b2681, type: 3}
      propertyPath: m_Color.r
      value: 0.754717
      objectReference: {fileID: 0}
    - target: {fileID: 4915469915696874630, guid: 5260c8d933eae07418fc4de7ac7b2681, type: 3}
      propertyPath: m_Color.b
      value: 0.754717
      objectReference: {fileID: 0}
    - target: {fileID: 4915469915696874630, guid: 5260c8d933eae07418fc4de7ac7b2681, type: 3}
      propertyPath: m_Color.g
      value: 0.754717
      objectReference: {fileID: 0}
    - target: {fileID: 4915469915696874630, guid: 5260c8d933eae07418fc4de7ac7b2681, type: 3}
      propertyPath: m_Color.r
      value: 0.754717
      objectReference: {fileID: 0}
    - target: {fileID: 4915469915995537378, guid: 5260c8d933eae07418fc4de7ac7b2681, type: 3}
      propertyPath: m_Color.b
      value: 0.754717
      objectReference: {fileID: 0}
    - target: {fileID: 4915469915995537378, guid: 5260c8d933eae07418fc4de7ac7b2681, type: 3}
      propertyPath: m_Color.g
      value: 0.754717
      objectReference: {fileID: 0}
    - target: {fileID: 4915469915995537378, guid: 5260c8d933eae07418fc4de7ac7b2681, type: 3}
      propertyPath: m_Color.r
      value: 0.754717
      objectReference: {fileID: 0}
    - target: {fileID: 5517996323495474598, guid: 5260c8d933eae07418fc4de7ac7b2681, type: 3}
      propertyPath: m_Color.b
      value: 0.754717
      objectReference: {fileID: 0}
    - target: {fileID: 5517996323495474598, guid: 5260c8d933eae07418fc4de7ac7b2681, type: 3}
      propertyPath: m_Color.g
      value: 0.754717
      objectReference: {fileID: 0}
    - target: {fileID: 5517996323495474598, guid: 5260c8d933eae07418fc4de7ac7b2681, type: 3}
      propertyPath: m_Color.r
      value: 0.754717
      objectReference: {fileID: 0}
    - target: {fileID: 5517996324047032870, guid: 5260c8d933eae07418fc4de7ac7b2681, type: 3}
      propertyPath: m_Color.b
      value: 0.754717
      objectReference: {fileID: 0}
    - target: {fileID: 5517996324047032870, guid: 5260c8d933eae07418fc4de7ac7b2681, type: 3}
      propertyPath: m_Color.g
      value: 0.754717
      objectReference: {fileID: 0}
    - target: {fileID: 5517996324047032870, guid: 5260c8d933eae07418fc4de7ac7b2681, type: 3}
      propertyPath: m_Color.r
      value: 0.754717
      objectReference: {fileID: 0}
    - target: {fileID: 5517996324249401025, guid: 5260c8d933eae07418fc4de7ac7b2681, type: 3}
      propertyPath: m_Color.b
      value: 0.754717
      objectReference: {fileID: 0}
    - target: {fileID: 5517996324249401025, guid: 5260c8d933eae07418fc4de7ac7b2681, type: 3}
      propertyPath: m_Color.g
      value: 0.754717
      objectReference: {fileID: 0}
    - target: {fileID: 5517996324249401025, guid: 5260c8d933eae07418fc4de7ac7b2681, type: 3}
      propertyPath: m_Color.r
      value: 0.754717
      objectReference: {fileID: 0}
    - target: {fileID: 5517996324815841602, guid: 5260c8d933eae07418fc4de7ac7b2681, type: 3}
      propertyPath: m_Color.b
      value: 0.754717
      objectReference: {fileID: 0}
    - target: {fileID: 5517996324815841602, guid: 5260c8d933eae07418fc4de7ac7b2681, type: 3}
      propertyPath: m_Color.g
      value: 0.754717
      objectReference: {fileID: 0}
    - target: {fileID: 5517996324815841602, guid: 5260c8d933eae07418fc4de7ac7b2681, type: 3}
      propertyPath: m_Color.r
      value: 0.754717
      objectReference: {fileID: 0}
    - target: {fileID: 8420774475553873247, guid: 5260c8d933eae07418fc4de7ac7b2681, type: 3}
      propertyPath: m_Color.b
      value: 1
      objectReference: {fileID: 0}
    - target: {fileID: 8420774475553873247, guid: 5260c8d933eae07418fc4de7ac7b2681, type: 3}
      propertyPath: m_Color.g
      value: 1
      objectReference: {fileID: 0}
    - target: {fileID: 8420774475553873247, guid: 5260c8d933eae07418fc4de7ac7b2681, type: 3}
      propertyPath: m_Color.r
      value: 1
      objectReference: {fileID: 0}
    - target: {fileID: 8968923565690178559, guid: 5260c8d933eae07418fc4de7ac7b2681, type: 3}
      propertyPath: m_Color.b
      value: 0.754717
      objectReference: {fileID: 0}
    - target: {fileID: 8968923565690178559, guid: 5260c8d933eae07418fc4de7ac7b2681, type: 3}
      propertyPath: m_Color.g
      value: 0.754717
      objectReference: {fileID: 0}
    - target: {fileID: 8968923565690178559, guid: 5260c8d933eae07418fc4de7ac7b2681, type: 3}
      propertyPath: m_Color.r
      value: 0.754717
      objectReference: {fileID: 0}
    m_RemovedComponents:
    - {fileID: 3804684364682161247, guid: 5260c8d933eae07418fc4de7ac7b2681, type: 3}
    - {fileID: 2747270731416720155, guid: 5260c8d933eae07418fc4de7ac7b2681, type: 3}
    - {fileID: 2747270731612829692, guid: 5260c8d933eae07418fc4de7ac7b2681, type: 3}
    - {fileID: 2747270731113490559, guid: 5260c8d933eae07418fc4de7ac7b2681, type: 3}
    - {fileID: 2747270731896992923, guid: 5260c8d933eae07418fc4de7ac7b2681, type: 3}
    - {fileID: 2192973202824060002, guid: 5260c8d933eae07418fc4de7ac7b2681, type: 3}
    - {fileID: 2779902520228721774, guid: 5260c8d933eae07418fc4de7ac7b2681, type: 3}
    - {fileID: 2779902519886073993, guid: 5260c8d933eae07418fc4de7ac7b2681, type: 3}
    - {fileID: 2779902520527490826, guid: 5260c8d933eae07418fc4de7ac7b2681, type: 3}
    - {fileID: 2779902521883612142, guid: 5260c8d933eae07418fc4de7ac7b2681, type: 3}
    - {fileID: 2223501905988860695, guid: 5260c8d933eae07418fc4de7ac7b2681, type: 3}
  m_SourcePrefab: {fileID: 100100000, guid: 5260c8d933eae07418fc4de7ac7b2681, type: 3}
--- !u!114 &8820572271196516738 stripped
MonoBehaviour:
  m_CorrespondingSourceObject: {fileID: 8968923565690178559, guid: 5260c8d933eae07418fc4de7ac7b2681, type: 3}
  m_PrefabInstance: {fileID: 437117212273408637}
  m_PrefabAsset: {fileID: 0}
  m_GameObject: {fileID: 0}
  m_Enabled: 1
  m_EditorHideFlags: 0
  m_Script: {fileID: 11500000, guid: fe87c0e1cc204ed48ad3b37840f39efc, type: 3}
  m_Name: 
  m_EditorClassIdentifier: 
--- !u!224 &2023319189487542573 stripped
RectTransform:
  m_CorrespondingSourceObject: {fileID: 1874823304987089744, guid: 5260c8d933eae07418fc4de7ac7b2681, type: 3}
  m_PrefabInstance: {fileID: 437117212273408637}
  m_PrefabAsset: {fileID: 0}
--- !u!1001 &4164983450208006169
PrefabInstance:
  m_ObjectHideFlags: 0
  serializedVersion: 2
  m_Modification:
    m_TransformParent: {fileID: 0}
    m_Modifications:
    - target: {fileID: 1342897234936460362, guid: 73a513c0250a3db45a000d9fa48f37c4, type: 3}
      propertyPath: m_Pivot.x
      value: 0
      objectReference: {fileID: 0}
    - target: {fileID: 1342897234936460362, guid: 73a513c0250a3db45a000d9fa48f37c4, type: 3}
      propertyPath: m_Pivot.y
      value: 0
      objectReference: {fileID: 0}
    - target: {fileID: 1342897234936460362, guid: 73a513c0250a3db45a000d9fa48f37c4, type: 3}
      propertyPath: m_RootOrder
      value: 0
      objectReference: {fileID: 0}
    - target: {fileID: 1342897234936460362, guid: 73a513c0250a3db45a000d9fa48f37c4, type: 3}
      propertyPath: m_AnchorMax.x
      value: 0
      objectReference: {fileID: 0}
    - target: {fileID: 1342897234936460362, guid: 73a513c0250a3db45a000d9fa48f37c4, type: 3}
      propertyPath: m_AnchorMax.y
      value: 0
      objectReference: {fileID: 0}
    - target: {fileID: 1342897234936460362, guid: 73a513c0250a3db45a000d9fa48f37c4, type: 3}
      propertyPath: m_AnchorMin.x
      value: 0
      objectReference: {fileID: 0}
    - target: {fileID: 1342897234936460362, guid: 73a513c0250a3db45a000d9fa48f37c4, type: 3}
      propertyPath: m_AnchorMin.y
      value: 0
      objectReference: {fileID: 0}
    - target: {fileID: 1342897234936460362, guid: 73a513c0250a3db45a000d9fa48f37c4, type: 3}
      propertyPath: m_SizeDelta.x
      value: 0
      objectReference: {fileID: 0}
    - target: {fileID: 1342897234936460362, guid: 73a513c0250a3db45a000d9fa48f37c4, type: 3}
      propertyPath: m_SizeDelta.y
      value: 0
      objectReference: {fileID: 0}
    - target: {fileID: 1342897234936460362, guid: 73a513c0250a3db45a000d9fa48f37c4, type: 3}
      propertyPath: m_LocalPosition.x
      value: 0
      objectReference: {fileID: 0}
    - target: {fileID: 1342897234936460362, guid: 73a513c0250a3db45a000d9fa48f37c4, type: 3}
      propertyPath: m_LocalPosition.y
      value: 0
      objectReference: {fileID: 0}
    - target: {fileID: 1342897234936460362, guid: 73a513c0250a3db45a000d9fa48f37c4, type: 3}
      propertyPath: m_LocalPosition.z
      value: 0
      objectReference: {fileID: 0}
    - target: {fileID: 1342897234936460362, guid: 73a513c0250a3db45a000d9fa48f37c4, type: 3}
      propertyPath: m_LocalRotation.w
      value: 1
      objectReference: {fileID: 0}
    - target: {fileID: 1342897234936460362, guid: 73a513c0250a3db45a000d9fa48f37c4, type: 3}
      propertyPath: m_LocalRotation.x
      value: 0
      objectReference: {fileID: 0}
    - target: {fileID: 1342897234936460362, guid: 73a513c0250a3db45a000d9fa48f37c4, type: 3}
      propertyPath: m_LocalRotation.y
      value: 0
      objectReference: {fileID: 0}
    - target: {fileID: 1342897234936460362, guid: 73a513c0250a3db45a000d9fa48f37c4, type: 3}
      propertyPath: m_LocalRotation.z
      value: 0
      objectReference: {fileID: 0}
    - target: {fileID: 1342897234936460362, guid: 73a513c0250a3db45a000d9fa48f37c4, type: 3}
      propertyPath: m_AnchoredPosition.x
      value: 0
      objectReference: {fileID: 0}
    - target: {fileID: 1342897234936460362, guid: 73a513c0250a3db45a000d9fa48f37c4, type: 3}
      propertyPath: m_AnchoredPosition.y
      value: 0
      objectReference: {fileID: 0}
    - target: {fileID: 1342897234936460362, guid: 73a513c0250a3db45a000d9fa48f37c4, type: 3}
      propertyPath: m_LocalEulerAnglesHint.x
      value: 0
      objectReference: {fileID: 0}
    - target: {fileID: 1342897234936460362, guid: 73a513c0250a3db45a000d9fa48f37c4, type: 3}
      propertyPath: m_LocalEulerAnglesHint.y
      value: 0
      objectReference: {fileID: 0}
    - target: {fileID: 1342897234936460362, guid: 73a513c0250a3db45a000d9fa48f37c4, type: 3}
      propertyPath: m_LocalEulerAnglesHint.z
      value: 0
      objectReference: {fileID: 0}
    - target: {fileID: 3174368832923705430, guid: 73a513c0250a3db45a000d9fa48f37c4, type: 3}
      propertyPath: m_Name
      value: HowToPlayModal
      objectReference: {fileID: 0}
    - target: {fileID: 5948579048422337719, guid: 73a513c0250a3db45a000d9fa48f37c4, type: 3}
      propertyPath: m_Enabled
      value: 0
      objectReference: {fileID: 0}
    - target: {fileID: 5948579048422337719, guid: 73a513c0250a3db45a000d9fa48f37c4, type: 3}
      propertyPath: m_AdditionalShaderChannelsFlag
      value: 25
      objectReference: {fileID: 0}
    m_RemovedComponents: []
  m_SourcePrefab: {fileID: 100100000, guid: 73a513c0250a3db45a000d9fa48f37c4, type: 3}
--- !u!1 &1567641635808497743 stripped
GameObject:
  m_CorrespondingSourceObject: {fileID: 3174368832923705430, guid: 73a513c0250a3db45a000d9fa48f37c4, type: 3}
  m_PrefabInstance: {fileID: 4164983450208006169}
  m_PrefabAsset: {fileID: 0}
--- !u!224 &6401074515264550981 stripped
RectTransform:
  m_CorrespondingSourceObject: {fileID: 6996853547197352028, guid: 73a513c0250a3db45a000d9fa48f37c4, type: 3}
  m_PrefabInstance: {fileID: 4164983450208006169}
  m_PrefabAsset: {fileID: 0}
--- !u!1 &49778793899912227 stripped
GameObject:
  m_CorrespondingSourceObject: {fileID: 4142229656584002618, guid: 73a513c0250a3db45a000d9fa48f37c4, type: 3}
  m_PrefabInstance: {fileID: 4164983450208006169}
  m_PrefabAsset: {fileID: 0}
--- !u!1001 &6265318154757466395
PrefabInstance:
  m_ObjectHideFlags: 0
  serializedVersion: 2
  m_Modification:
    m_TransformParent: {fileID: 3122696412990906293}
    m_Modifications:
    - target: {fileID: 476256653287028408, guid: 5260c8d933eae07418fc4de7ac7b2681, type: 3}
      propertyPath: m_AnchorMax.y
      value: 0
      objectReference: {fileID: 0}
    - target: {fileID: 476256653287028408, guid: 5260c8d933eae07418fc4de7ac7b2681, type: 3}
      propertyPath: m_AnchorMin.y
      value: 0
      objectReference: {fileID: 0}
    - target: {fileID: 476256653287028408, guid: 5260c8d933eae07418fc4de7ac7b2681, type: 3}
      propertyPath: m_AnchoredPosition.x
      value: 0
      objectReference: {fileID: 0}
    - target: {fileID: 476256653287028408, guid: 5260c8d933eae07418fc4de7ac7b2681, type: 3}
      propertyPath: m_AnchoredPosition.y
      value: 0
      objectReference: {fileID: 0}
    - target: {fileID: 707292393677947267, guid: 5260c8d933eae07418fc4de7ac7b2681, type: 3}
      propertyPath: m_IsActive
      value: 1
      objectReference: {fileID: 0}
    - target: {fileID: 707292394519902951, guid: 5260c8d933eae07418fc4de7ac7b2681, type: 3}
      propertyPath: m_IsActive
      value: 0
      objectReference: {fileID: 0}
    - target: {fileID: 1325725627660482093, guid: 5260c8d933eae07418fc4de7ac7b2681, type: 3}
      propertyPath: m_IsActive
      value: 0
      objectReference: {fileID: 0}
    - target: {fileID: 1325725627978200394, guid: 5260c8d933eae07418fc4de7ac7b2681, type: 3}
      propertyPath: m_IsActive
      value: 0
      objectReference: {fileID: 0}
    - target: {fileID: 1325725628178256301, guid: 5260c8d933eae07418fc4de7ac7b2681, type: 3}
      propertyPath: m_IsActive
      value: 0
      objectReference: {fileID: 0}
    - target: {fileID: 1325725628477041353, guid: 5260c8d933eae07418fc4de7ac7b2681, type: 3}
      propertyPath: m_IsActive
      value: 0
      objectReference: {fileID: 0}
    - target: {fileID: 1874823304987089744, guid: 5260c8d933eae07418fc4de7ac7b2681, type: 3}
      propertyPath: m_Pivot.x
      value: 0.5
      objectReference: {fileID: 0}
    - target: {fileID: 1874823304987089744, guid: 5260c8d933eae07418fc4de7ac7b2681, type: 3}
      propertyPath: m_Pivot.y
      value: 1
      objectReference: {fileID: 0}
    - target: {fileID: 1874823304987089744, guid: 5260c8d933eae07418fc4de7ac7b2681, type: 3}
      propertyPath: m_RootOrder
      value: 6
      objectReference: {fileID: 0}
    - target: {fileID: 1874823304987089744, guid: 5260c8d933eae07418fc4de7ac7b2681, type: 3}
      propertyPath: m_AnchorMax.x
      value: 0.5
      objectReference: {fileID: 0}
    - target: {fileID: 1874823304987089744, guid: 5260c8d933eae07418fc4de7ac7b2681, type: 3}
      propertyPath: m_AnchorMax.y
      value: 1
      objectReference: {fileID: 0}
    - target: {fileID: 1874823304987089744, guid: 5260c8d933eae07418fc4de7ac7b2681, type: 3}
      propertyPath: m_AnchorMin.x
      value: 0.5
      objectReference: {fileID: 0}
    - target: {fileID: 1874823304987089744, guid: 5260c8d933eae07418fc4de7ac7b2681, type: 3}
      propertyPath: m_AnchorMin.y
      value: 1
      objectReference: {fileID: 0}
    - target: {fileID: 1874823304987089744, guid: 5260c8d933eae07418fc4de7ac7b2681, type: 3}
      propertyPath: m_SizeDelta.x
      value: 0
      objectReference: {fileID: 0}
    - target: {fileID: 1874823304987089744, guid: 5260c8d933eae07418fc4de7ac7b2681, type: 3}
      propertyPath: m_SizeDelta.y
      value: 0
      objectReference: {fileID: 0}
    - target: {fileID: 1874823304987089744, guid: 5260c8d933eae07418fc4de7ac7b2681, type: 3}
      propertyPath: m_LocalPosition.x
      value: 0
      objectReference: {fileID: 0}
    - target: {fileID: 1874823304987089744, guid: 5260c8d933eae07418fc4de7ac7b2681, type: 3}
      propertyPath: m_LocalPosition.y
      value: 0
      objectReference: {fileID: 0}
    - target: {fileID: 1874823304987089744, guid: 5260c8d933eae07418fc4de7ac7b2681, type: 3}
      propertyPath: m_LocalPosition.z
      value: 0
      objectReference: {fileID: 0}
    - target: {fileID: 1874823304987089744, guid: 5260c8d933eae07418fc4de7ac7b2681, type: 3}
      propertyPath: m_LocalRotation.w
      value: 1
      objectReference: {fileID: 0}
    - target: {fileID: 1874823304987089744, guid: 5260c8d933eae07418fc4de7ac7b2681, type: 3}
      propertyPath: m_LocalRotation.x
      value: -0
      objectReference: {fileID: 0}
    - target: {fileID: 1874823304987089744, guid: 5260c8d933eae07418fc4de7ac7b2681, type: 3}
      propertyPath: m_LocalRotation.y
      value: -0
      objectReference: {fileID: 0}
    - target: {fileID: 1874823304987089744, guid: 5260c8d933eae07418fc4de7ac7b2681, type: 3}
      propertyPath: m_LocalRotation.z
      value: -0
      objectReference: {fileID: 0}
    - target: {fileID: 1874823304987089744, guid: 5260c8d933eae07418fc4de7ac7b2681, type: 3}
      propertyPath: m_AnchoredPosition.x
      value: 0
      objectReference: {fileID: 0}
    - target: {fileID: 1874823304987089744, guid: 5260c8d933eae07418fc4de7ac7b2681, type: 3}
      propertyPath: m_AnchoredPosition.y
      value: -984
      objectReference: {fileID: 0}
    - target: {fileID: 1874823304987089744, guid: 5260c8d933eae07418fc4de7ac7b2681, type: 3}
      propertyPath: m_LocalEulerAnglesHint.x
      value: 0
      objectReference: {fileID: 0}
    - target: {fileID: 1874823304987089744, guid: 5260c8d933eae07418fc4de7ac7b2681, type: 3}
      propertyPath: m_LocalEulerAnglesHint.y
      value: 0
      objectReference: {fileID: 0}
    - target: {fileID: 1874823304987089744, guid: 5260c8d933eae07418fc4de7ac7b2681, type: 3}
      propertyPath: m_LocalEulerAnglesHint.z
      value: 0
      objectReference: {fileID: 0}
    - target: {fileID: 1874823304987089745, guid: 5260c8d933eae07418fc4de7ac7b2681, type: 3}
      propertyPath: m_Name
      value: Row-Wrong
      objectReference: {fileID: 0}
    - target: {fileID: 2159926316413331672, guid: 5260c8d933eae07418fc4de7ac7b2681, type: 3}
      propertyPath: m_text
      value: R
      objectReference: {fileID: 0}
    - target: {fileID: 2717601474580916129, guid: 5260c8d933eae07418fc4de7ac7b2681, type: 3}
      propertyPath: m_text
      value: N
      objectReference: {fileID: 0}
    - target: {fileID: 2717601474775270214, guid: 5260c8d933eae07418fc4de7ac7b2681, type: 3}
      propertyPath: m_text
      value: E
      objectReference: {fileID: 0}
    - target: {fileID: 2717601475416693957, guid: 5260c8d933eae07418fc4de7ac7b2681, type: 3}
      propertyPath: m_text
      value: D
      objectReference: {fileID: 0}
    - target: {fileID: 2717601476202381345, guid: 5260c8d933eae07418fc4de7ac7b2681, type: 3}
      propertyPath: m_text
      value: A
      objectReference: {fileID: 0}
    - target: {fileID: 3038427547871141588, guid: 5260c8d933eae07418fc4de7ac7b2681, type: 3}
      propertyPath: m_IsActive
      value: 0
      objectReference: {fileID: 0}
    - target: {fileID: 4527038233390718529, guid: 5260c8d933eae07418fc4de7ac7b2681, type: 3}
      propertyPath: m_AnchorMax.y
      value: 0
      objectReference: {fileID: 0}
    - target: {fileID: 4527038233390718529, guid: 5260c8d933eae07418fc4de7ac7b2681, type: 3}
      propertyPath: m_AnchorMin.y
      value: 0
      objectReference: {fileID: 0}
    - target: {fileID: 4527038233390718529, guid: 5260c8d933eae07418fc4de7ac7b2681, type: 3}
      propertyPath: m_AnchoredPosition.x
      value: 0
      objectReference: {fileID: 0}
    - target: {fileID: 4527038233390718529, guid: 5260c8d933eae07418fc4de7ac7b2681, type: 3}
      propertyPath: m_AnchoredPosition.y
      value: 0
      objectReference: {fileID: 0}
    - target: {fileID: 4527038233741991206, guid: 5260c8d933eae07418fc4de7ac7b2681, type: 3}
      propertyPath: m_AnchorMax.y
      value: 0
      objectReference: {fileID: 0}
    - target: {fileID: 4527038233741991206, guid: 5260c8d933eae07418fc4de7ac7b2681, type: 3}
      propertyPath: m_AnchorMin.y
      value: 0
      objectReference: {fileID: 0}
    - target: {fileID: 4527038233741991206, guid: 5260c8d933eae07418fc4de7ac7b2681, type: 3}
      propertyPath: m_AnchoredPosition.x
      value: 0
      objectReference: {fileID: 0}
    - target: {fileID: 4527038233741991206, guid: 5260c8d933eae07418fc4de7ac7b2681, type: 3}
      propertyPath: m_AnchoredPosition.y
      value: 0
      objectReference: {fileID: 0}
    - target: {fileID: 4527038233942063553, guid: 5260c8d933eae07418fc4de7ac7b2681, type: 3}
      propertyPath: m_AnchorMax.y
      value: 0
      objectReference: {fileID: 0}
    - target: {fileID: 4527038233942063553, guid: 5260c8d933eae07418fc4de7ac7b2681, type: 3}
      propertyPath: m_AnchorMin.y
      value: 0
      objectReference: {fileID: 0}
    - target: {fileID: 4527038233942063553, guid: 5260c8d933eae07418fc4de7ac7b2681, type: 3}
      propertyPath: m_AnchoredPosition.x
      value: 0
      objectReference: {fileID: 0}
    - target: {fileID: 4527038233942063553, guid: 5260c8d933eae07418fc4de7ac7b2681, type: 3}
      propertyPath: m_AnchoredPosition.y
      value: 0
      objectReference: {fileID: 0}
    - target: {fileID: 4527038234173719205, guid: 5260c8d933eae07418fc4de7ac7b2681, type: 3}
      propertyPath: m_AnchorMax.y
      value: 0
      objectReference: {fileID: 0}
    - target: {fileID: 4527038234173719205, guid: 5260c8d933eae07418fc4de7ac7b2681, type: 3}
      propertyPath: m_AnchorMin.y
      value: 0
      objectReference: {fileID: 0}
    - target: {fileID: 4527038234173719205, guid: 5260c8d933eae07418fc4de7ac7b2681, type: 3}
      propertyPath: m_AnchoredPosition.x
      value: 0
      objectReference: {fileID: 0}
    - target: {fileID: 4527038234173719205, guid: 5260c8d933eae07418fc4de7ac7b2681, type: 3}
      propertyPath: m_AnchoredPosition.y
      value: 0
      objectReference: {fileID: 0}
    - target: {fileID: 4915469915178967814, guid: 5260c8d933eae07418fc4de7ac7b2681, type: 3}
      propertyPath: m_Color.b
      value: 0.754717
      objectReference: {fileID: 0}
    - target: {fileID: 4915469915178967814, guid: 5260c8d933eae07418fc4de7ac7b2681, type: 3}
      propertyPath: m_Color.g
      value: 0.754717
      objectReference: {fileID: 0}
    - target: {fileID: 4915469915178967814, guid: 5260c8d933eae07418fc4de7ac7b2681, type: 3}
      propertyPath: m_Color.r
      value: 0.754717
      objectReference: {fileID: 0}
    - target: {fileID: 4915469915362467937, guid: 5260c8d933eae07418fc4de7ac7b2681, type: 3}
      propertyPath: m_Color.b
      value: 0.754717
      objectReference: {fileID: 0}
    - target: {fileID: 4915469915362467937, guid: 5260c8d933eae07418fc4de7ac7b2681, type: 3}
      propertyPath: m_Color.g
      value: 0.754717
      objectReference: {fileID: 0}
    - target: {fileID: 4915469915362467937, guid: 5260c8d933eae07418fc4de7ac7b2681, type: 3}
      propertyPath: m_Color.r
      value: 0.754717
      objectReference: {fileID: 0}
    - target: {fileID: 4915469915696874630, guid: 5260c8d933eae07418fc4de7ac7b2681, type: 3}
      propertyPath: m_Color.b
      value: 0.754717
      objectReference: {fileID: 0}
    - target: {fileID: 4915469915696874630, guid: 5260c8d933eae07418fc4de7ac7b2681, type: 3}
      propertyPath: m_Color.g
      value: 0.754717
      objectReference: {fileID: 0}
    - target: {fileID: 4915469915696874630, guid: 5260c8d933eae07418fc4de7ac7b2681, type: 3}
      propertyPath: m_Color.r
      value: 0.754717
      objectReference: {fileID: 0}
    - target: {fileID: 4915469915995537378, guid: 5260c8d933eae07418fc4de7ac7b2681, type: 3}
      propertyPath: m_Color.b
      value: 0.754717
      objectReference: {fileID: 0}
    - target: {fileID: 4915469915995537378, guid: 5260c8d933eae07418fc4de7ac7b2681, type: 3}
      propertyPath: m_Color.g
      value: 0.754717
      objectReference: {fileID: 0}
    - target: {fileID: 4915469915995537378, guid: 5260c8d933eae07418fc4de7ac7b2681, type: 3}
      propertyPath: m_Color.r
      value: 0.754717
      objectReference: {fileID: 0}
    - target: {fileID: 5517996323495474598, guid: 5260c8d933eae07418fc4de7ac7b2681, type: 3}
      propertyPath: m_Color.b
      value: 0.754717
      objectReference: {fileID: 0}
    - target: {fileID: 5517996323495474598, guid: 5260c8d933eae07418fc4de7ac7b2681, type: 3}
      propertyPath: m_Color.g
      value: 0.754717
      objectReference: {fileID: 0}
    - target: {fileID: 5517996323495474598, guid: 5260c8d933eae07418fc4de7ac7b2681, type: 3}
      propertyPath: m_Color.r
      value: 0.754717
      objectReference: {fileID: 0}
    - target: {fileID: 5517996324047032870, guid: 5260c8d933eae07418fc4de7ac7b2681, type: 3}
      propertyPath: m_Color.b
      value: 0.754717
      objectReference: {fileID: 0}
    - target: {fileID: 5517996324047032870, guid: 5260c8d933eae07418fc4de7ac7b2681, type: 3}
      propertyPath: m_Color.g
      value: 0.754717
      objectReference: {fileID: 0}
    - target: {fileID: 5517996324047032870, guid: 5260c8d933eae07418fc4de7ac7b2681, type: 3}
      propertyPath: m_Color.r
      value: 0.754717
      objectReference: {fileID: 0}
    - target: {fileID: 5517996324249401025, guid: 5260c8d933eae07418fc4de7ac7b2681, type: 3}
      propertyPath: m_Color.b
      value: 0.754717
      objectReference: {fileID: 0}
    - target: {fileID: 5517996324249401025, guid: 5260c8d933eae07418fc4de7ac7b2681, type: 3}
      propertyPath: m_Color.g
      value: 0.754717
      objectReference: {fileID: 0}
    - target: {fileID: 5517996324249401025, guid: 5260c8d933eae07418fc4de7ac7b2681, type: 3}
      propertyPath: m_Color.r
      value: 0.754717
      objectReference: {fileID: 0}
    - target: {fileID: 5517996324815841602, guid: 5260c8d933eae07418fc4de7ac7b2681, type: 3}
      propertyPath: m_Color.b
      value: 0.754717
      objectReference: {fileID: 0}
    - target: {fileID: 5517996324815841602, guid: 5260c8d933eae07418fc4de7ac7b2681, type: 3}
      propertyPath: m_Color.g
      value: 0.754717
      objectReference: {fileID: 0}
    - target: {fileID: 5517996324815841602, guid: 5260c8d933eae07418fc4de7ac7b2681, type: 3}
      propertyPath: m_Color.r
      value: 0.754717
      objectReference: {fileID: 0}
    - target: {fileID: 8420774475553873247, guid: 5260c8d933eae07418fc4de7ac7b2681, type: 3}
      propertyPath: m_Color.b
      value: 0.754717
      objectReference: {fileID: 0}
    - target: {fileID: 8420774475553873247, guid: 5260c8d933eae07418fc4de7ac7b2681, type: 3}
      propertyPath: m_Color.g
      value: 0.754717
      objectReference: {fileID: 0}
    - target: {fileID: 8420774475553873247, guid: 5260c8d933eae07418fc4de7ac7b2681, type: 3}
      propertyPath: m_Color.r
      value: 0.754717
      objectReference: {fileID: 0}
    - target: {fileID: 8968923565690178559, guid: 5260c8d933eae07418fc4de7ac7b2681, type: 3}
      propertyPath: m_Color.b
      value: 0.754717
      objectReference: {fileID: 0}
    - target: {fileID: 8968923565690178559, guid: 5260c8d933eae07418fc4de7ac7b2681, type: 3}
      propertyPath: m_Color.g
      value: 0.754717
      objectReference: {fileID: 0}
    - target: {fileID: 8968923565690178559, guid: 5260c8d933eae07418fc4de7ac7b2681, type: 3}
      propertyPath: m_Color.r
      value: 0.754717
      objectReference: {fileID: 0}
    m_RemovedComponents:
    - {fileID: 3804684364682161247, guid: 5260c8d933eae07418fc4de7ac7b2681, type: 3}
    - {fileID: 2747270731416720155, guid: 5260c8d933eae07418fc4de7ac7b2681, type: 3}
    - {fileID: 2747270731612829692, guid: 5260c8d933eae07418fc4de7ac7b2681, type: 3}
    - {fileID: 2747270731113490559, guid: 5260c8d933eae07418fc4de7ac7b2681, type: 3}
    - {fileID: 2747270731896992923, guid: 5260c8d933eae07418fc4de7ac7b2681, type: 3}
    - {fileID: 2192973202824060002, guid: 5260c8d933eae07418fc4de7ac7b2681, type: 3}
    - {fileID: 2779902520228721774, guid: 5260c8d933eae07418fc4de7ac7b2681, type: 3}
    - {fileID: 2779902519886073993, guid: 5260c8d933eae07418fc4de7ac7b2681, type: 3}
    - {fileID: 2779902520527490826, guid: 5260c8d933eae07418fc4de7ac7b2681, type: 3}
    - {fileID: 2779902521883612142, guid: 5260c8d933eae07418fc4de7ac7b2681, type: 3}
    - {fileID: 2223501905988860695, guid: 5260c8d933eae07418fc4de7ac7b2681, type: 3}
  m_SourcePrefab: {fileID: 100100000, guid: 5260c8d933eae07418fc4de7ac7b2681, type: 3}
--- !u!114 &1352663678005516025 stripped
MonoBehaviour:
  m_CorrespondingSourceObject: {fileID: 4915469915995537378, guid: 5260c8d933eae07418fc4de7ac7b2681, type: 3}
  m_PrefabInstance: {fileID: 6265318154757466395}
  m_PrefabAsset: {fileID: 0}
  m_GameObject: {fileID: 0}
  m_Enabled: 1
  m_EditorHideFlags: 0
  m_Script: {fileID: 11500000, guid: fe87c0e1cc204ed48ad3b37840f39efc, type: 3}
  m_Name: 
  m_EditorClassIdentifier: 
--- !u!224 &5545712859041690187 stripped
RectTransform:
  m_CorrespondingSourceObject: {fileID: 1874823304987089744, guid: 5260c8d933eae07418fc4de7ac7b2681, type: 3}
  m_PrefabInstance: {fileID: 6265318154757466395}
  m_PrefabAsset: {fileID: 0}
--- !u!1001 &8305040715415412279
PrefabInstance:
  m_ObjectHideFlags: 0
  serializedVersion: 2
  m_Modification:
    m_TransformParent: {fileID: 3122696412990906293}
    m_Modifications:
    - target: {fileID: 476256653287028408, guid: 5260c8d933eae07418fc4de7ac7b2681, type: 3}
      propertyPath: m_AnchorMax.y
      value: 0
      objectReference: {fileID: 0}
    - target: {fileID: 476256653287028408, guid: 5260c8d933eae07418fc4de7ac7b2681, type: 3}
      propertyPath: m_AnchorMin.y
      value: 0
      objectReference: {fileID: 0}
    - target: {fileID: 476256653287028408, guid: 5260c8d933eae07418fc4de7ac7b2681, type: 3}
      propertyPath: m_AnchoredPosition.x
      value: 0
      objectReference: {fileID: 0}
    - target: {fileID: 476256653287028408, guid: 5260c8d933eae07418fc4de7ac7b2681, type: 3}
      propertyPath: m_AnchoredPosition.y
      value: 0
      objectReference: {fileID: 0}
    - target: {fileID: 707292393886803300, guid: 5260c8d933eae07418fc4de7ac7b2681, type: 3}
      propertyPath: m_IsActive
      value: 0
      objectReference: {fileID: 0}
    - target: {fileID: 707292394519902951, guid: 5260c8d933eae07418fc4de7ac7b2681, type: 3}
      propertyPath: m_IsActive
      value: 0
      objectReference: {fileID: 0}
    - target: {fileID: 1325725627660482093, guid: 5260c8d933eae07418fc4de7ac7b2681, type: 3}
      propertyPath: m_IsActive
      value: 0
      objectReference: {fileID: 0}
    - target: {fileID: 1325725627978200394, guid: 5260c8d933eae07418fc4de7ac7b2681, type: 3}
      propertyPath: m_IsActive
      value: 0
      objectReference: {fileID: 0}
    - target: {fileID: 1325725628178256301, guid: 5260c8d933eae07418fc4de7ac7b2681, type: 3}
      propertyPath: m_IsActive
      value: 0
      objectReference: {fileID: 0}
    - target: {fileID: 1325725628477041353, guid: 5260c8d933eae07418fc4de7ac7b2681, type: 3}
      propertyPath: m_IsActive
      value: 0
      objectReference: {fileID: 0}
    - target: {fileID: 1874823304987089744, guid: 5260c8d933eae07418fc4de7ac7b2681, type: 3}
      propertyPath: m_Pivot.x
      value: 0.5
      objectReference: {fileID: 0}
    - target: {fileID: 1874823304987089744, guid: 5260c8d933eae07418fc4de7ac7b2681, type: 3}
      propertyPath: m_Pivot.y
      value: 1
      objectReference: {fileID: 0}
    - target: {fileID: 1874823304987089744, guid: 5260c8d933eae07418fc4de7ac7b2681, type: 3}
      propertyPath: m_RootOrder
      value: 4
      objectReference: {fileID: 0}
    - target: {fileID: 1874823304987089744, guid: 5260c8d933eae07418fc4de7ac7b2681, type: 3}
      propertyPath: m_AnchorMax.x
      value: 0.5
      objectReference: {fileID: 0}
    - target: {fileID: 1874823304987089744, guid: 5260c8d933eae07418fc4de7ac7b2681, type: 3}
      propertyPath: m_AnchorMax.y
      value: 1
      objectReference: {fileID: 0}
    - target: {fileID: 1874823304987089744, guid: 5260c8d933eae07418fc4de7ac7b2681, type: 3}
      propertyPath: m_AnchorMin.x
      value: 0.5
      objectReference: {fileID: 0}
    - target: {fileID: 1874823304987089744, guid: 5260c8d933eae07418fc4de7ac7b2681, type: 3}
      propertyPath: m_AnchorMin.y
      value: 1
      objectReference: {fileID: 0}
    - target: {fileID: 1874823304987089744, guid: 5260c8d933eae07418fc4de7ac7b2681, type: 3}
      propertyPath: m_SizeDelta.x
      value: 0
      objectReference: {fileID: 0}
    - target: {fileID: 1874823304987089744, guid: 5260c8d933eae07418fc4de7ac7b2681, type: 3}
      propertyPath: m_SizeDelta.y
      value: 0
      objectReference: {fileID: 0}
    - target: {fileID: 1874823304987089744, guid: 5260c8d933eae07418fc4de7ac7b2681, type: 3}
      propertyPath: m_LocalPosition.x
      value: 0
      objectReference: {fileID: 0}
    - target: {fileID: 1874823304987089744, guid: 5260c8d933eae07418fc4de7ac7b2681, type: 3}
      propertyPath: m_LocalPosition.y
      value: 0
      objectReference: {fileID: 0}
    - target: {fileID: 1874823304987089744, guid: 5260c8d933eae07418fc4de7ac7b2681, type: 3}
      propertyPath: m_LocalPosition.z
      value: 0
      objectReference: {fileID: 0}
    - target: {fileID: 1874823304987089744, guid: 5260c8d933eae07418fc4de7ac7b2681, type: 3}
      propertyPath: m_LocalRotation.w
      value: 1
      objectReference: {fileID: 0}
    - target: {fileID: 1874823304987089744, guid: 5260c8d933eae07418fc4de7ac7b2681, type: 3}
      propertyPath: m_LocalRotation.x
      value: -0
      objectReference: {fileID: 0}
    - target: {fileID: 1874823304987089744, guid: 5260c8d933eae07418fc4de7ac7b2681, type: 3}
      propertyPath: m_LocalRotation.y
      value: -0
      objectReference: {fileID: 0}
    - target: {fileID: 1874823304987089744, guid: 5260c8d933eae07418fc4de7ac7b2681, type: 3}
      propertyPath: m_LocalRotation.z
      value: -0
      objectReference: {fileID: 0}
    - target: {fileID: 1874823304987089744, guid: 5260c8d933eae07418fc4de7ac7b2681, type: 3}
      propertyPath: m_AnchoredPosition.x
      value: 0
      objectReference: {fileID: 0}
    - target: {fileID: 1874823304987089744, guid: 5260c8d933eae07418fc4de7ac7b2681, type: 3}
      propertyPath: m_AnchoredPosition.y
      value: -738
      objectReference: {fileID: 0}
    - target: {fileID: 1874823304987089744, guid: 5260c8d933eae07418fc4de7ac7b2681, type: 3}
      propertyPath: m_LocalEulerAnglesHint.x
      value: 0
      objectReference: {fileID: 0}
    - target: {fileID: 1874823304987089744, guid: 5260c8d933eae07418fc4de7ac7b2681, type: 3}
      propertyPath: m_LocalEulerAnglesHint.y
      value: 0
      objectReference: {fileID: 0}
    - target: {fileID: 1874823304987089744, guid: 5260c8d933eae07418fc4de7ac7b2681, type: 3}
      propertyPath: m_LocalEulerAnglesHint.z
      value: 0
      objectReference: {fileID: 0}
    - target: {fileID: 1874823304987089745, guid: 5260c8d933eae07418fc4de7ac7b2681, type: 3}
      propertyPath: m_Name
      value: Row-Almost
      objectReference: {fileID: 0}
    - target: {fileID: 2159926316413331672, guid: 5260c8d933eae07418fc4de7ac7b2681, type: 3}
      propertyPath: m_text
      value: W
      objectReference: {fileID: 0}
    - target: {fileID: 2717601474580916129, guid: 5260c8d933eae07418fc4de7ac7b2681, type: 3}
      propertyPath: m_text
      value: D
      objectReference: {fileID: 0}
    - target: {fileID: 2717601474775270214, guid: 5260c8d933eae07418fc4de7ac7b2681, type: 3}
      propertyPath: m_text
      value: R
      objectReference: {fileID: 0}
    - target: {fileID: 2717601475416693957, guid: 5260c8d933eae07418fc4de7ac7b2681, type: 3}
      propertyPath: m_text
      value: O
      objectReference: {fileID: 0}
    - target: {fileID: 2717601476202381345, guid: 5260c8d933eae07418fc4de7ac7b2681, type: 3}
      propertyPath: m_text
      value: O
      objectReference: {fileID: 0}
    - target: {fileID: 3038427547871141588, guid: 5260c8d933eae07418fc4de7ac7b2681, type: 3}
      propertyPath: m_IsActive
      value: 0
      objectReference: {fileID: 0}
    - target: {fileID: 4527038233390718529, guid: 5260c8d933eae07418fc4de7ac7b2681, type: 3}
      propertyPath: m_AnchorMax.y
      value: 0
      objectReference: {fileID: 0}
    - target: {fileID: 4527038233390718529, guid: 5260c8d933eae07418fc4de7ac7b2681, type: 3}
      propertyPath: m_AnchorMin.y
      value: 0
      objectReference: {fileID: 0}
    - target: {fileID: 4527038233390718529, guid: 5260c8d933eae07418fc4de7ac7b2681, type: 3}
      propertyPath: m_AnchoredPosition.x
      value: 0
      objectReference: {fileID: 0}
    - target: {fileID: 4527038233390718529, guid: 5260c8d933eae07418fc4de7ac7b2681, type: 3}
      propertyPath: m_AnchoredPosition.y
      value: 0
      objectReference: {fileID: 0}
    - target: {fileID: 4527038233741991206, guid: 5260c8d933eae07418fc4de7ac7b2681, type: 3}
      propertyPath: m_AnchorMax.y
      value: 0
      objectReference: {fileID: 0}
    - target: {fileID: 4527038233741991206, guid: 5260c8d933eae07418fc4de7ac7b2681, type: 3}
      propertyPath: m_AnchorMin.y
      value: 0
      objectReference: {fileID: 0}
    - target: {fileID: 4527038233741991206, guid: 5260c8d933eae07418fc4de7ac7b2681, type: 3}
      propertyPath: m_AnchoredPosition.x
      value: 0
      objectReference: {fileID: 0}
    - target: {fileID: 4527038233741991206, guid: 5260c8d933eae07418fc4de7ac7b2681, type: 3}
      propertyPath: m_AnchoredPosition.y
      value: 0
      objectReference: {fileID: 0}
    - target: {fileID: 4527038233942063553, guid: 5260c8d933eae07418fc4de7ac7b2681, type: 3}
      propertyPath: m_AnchorMax.y
      value: 0
      objectReference: {fileID: 0}
    - target: {fileID: 4527038233942063553, guid: 5260c8d933eae07418fc4de7ac7b2681, type: 3}
      propertyPath: m_AnchorMin.y
      value: 0
      objectReference: {fileID: 0}
    - target: {fileID: 4527038233942063553, guid: 5260c8d933eae07418fc4de7ac7b2681, type: 3}
      propertyPath: m_AnchoredPosition.x
      value: 0
      objectReference: {fileID: 0}
    - target: {fileID: 4527038233942063553, guid: 5260c8d933eae07418fc4de7ac7b2681, type: 3}
      propertyPath: m_AnchoredPosition.y
      value: 0
      objectReference: {fileID: 0}
    - target: {fileID: 4527038234173719205, guid: 5260c8d933eae07418fc4de7ac7b2681, type: 3}
      propertyPath: m_AnchorMax.y
      value: 0
      objectReference: {fileID: 0}
    - target: {fileID: 4527038234173719205, guid: 5260c8d933eae07418fc4de7ac7b2681, type: 3}
      propertyPath: m_AnchorMin.y
      value: 0
      objectReference: {fileID: 0}
    - target: {fileID: 4527038234173719205, guid: 5260c8d933eae07418fc4de7ac7b2681, type: 3}
      propertyPath: m_AnchoredPosition.x
      value: 0
      objectReference: {fileID: 0}
    - target: {fileID: 4527038234173719205, guid: 5260c8d933eae07418fc4de7ac7b2681, type: 3}
      propertyPath: m_AnchoredPosition.y
      value: 0
      objectReference: {fileID: 0}
    - target: {fileID: 4915469915178967814, guid: 5260c8d933eae07418fc4de7ac7b2681, type: 3}
      propertyPath: m_Color.b
      value: 0.754717
      objectReference: {fileID: 0}
    - target: {fileID: 4915469915178967814, guid: 5260c8d933eae07418fc4de7ac7b2681, type: 3}
      propertyPath: m_Color.g
      value: 0.754717
      objectReference: {fileID: 0}
    - target: {fileID: 4915469915178967814, guid: 5260c8d933eae07418fc4de7ac7b2681, type: 3}
      propertyPath: m_Color.r
      value: 0.754717
      objectReference: {fileID: 0}
    - target: {fileID: 4915469915362467937, guid: 5260c8d933eae07418fc4de7ac7b2681, type: 3}
      propertyPath: m_Color.b
      value: 0.754717
      objectReference: {fileID: 0}
    - target: {fileID: 4915469915362467937, guid: 5260c8d933eae07418fc4de7ac7b2681, type: 3}
      propertyPath: m_Color.g
      value: 0.754717
      objectReference: {fileID: 0}
    - target: {fileID: 4915469915362467937, guid: 5260c8d933eae07418fc4de7ac7b2681, type: 3}
      propertyPath: m_Color.r
      value: 0.754717
      objectReference: {fileID: 0}
    - target: {fileID: 4915469915696874630, guid: 5260c8d933eae07418fc4de7ac7b2681, type: 3}
      propertyPath: m_Color.b
      value: 0.754717
      objectReference: {fileID: 0}
    - target: {fileID: 4915469915696874630, guid: 5260c8d933eae07418fc4de7ac7b2681, type: 3}
      propertyPath: m_Color.g
      value: 0.754717
      objectReference: {fileID: 0}
    - target: {fileID: 4915469915696874630, guid: 5260c8d933eae07418fc4de7ac7b2681, type: 3}
      propertyPath: m_Color.r
      value: 0.754717
      objectReference: {fileID: 0}
    - target: {fileID: 4915469915995537378, guid: 5260c8d933eae07418fc4de7ac7b2681, type: 3}
      propertyPath: m_Color.b
      value: 0.754717
      objectReference: {fileID: 0}
    - target: {fileID: 4915469915995537378, guid: 5260c8d933eae07418fc4de7ac7b2681, type: 3}
      propertyPath: m_Color.g
      value: 0.754717
      objectReference: {fileID: 0}
    - target: {fileID: 4915469915995537378, guid: 5260c8d933eae07418fc4de7ac7b2681, type: 3}
      propertyPath: m_Color.r
      value: 0.754717
      objectReference: {fileID: 0}
    - target: {fileID: 5517996323495474598, guid: 5260c8d933eae07418fc4de7ac7b2681, type: 3}
      propertyPath: m_Color.b
      value: 0.754717
      objectReference: {fileID: 0}
    - target: {fileID: 5517996323495474598, guid: 5260c8d933eae07418fc4de7ac7b2681, type: 3}
      propertyPath: m_Color.g
      value: 0.754717
      objectReference: {fileID: 0}
    - target: {fileID: 5517996323495474598, guid: 5260c8d933eae07418fc4de7ac7b2681, type: 3}
      propertyPath: m_Color.r
      value: 0.754717
      objectReference: {fileID: 0}
    - target: {fileID: 5517996324047032870, guid: 5260c8d933eae07418fc4de7ac7b2681, type: 3}
      propertyPath: m_Color.b
      value: 0.754717
      objectReference: {fileID: 0}
    - target: {fileID: 5517996324047032870, guid: 5260c8d933eae07418fc4de7ac7b2681, type: 3}
      propertyPath: m_Color.g
      value: 0.754717
      objectReference: {fileID: 0}
    - target: {fileID: 5517996324047032870, guid: 5260c8d933eae07418fc4de7ac7b2681, type: 3}
      propertyPath: m_Color.r
      value: 0.754717
      objectReference: {fileID: 0}
    - target: {fileID: 5517996324249401025, guid: 5260c8d933eae07418fc4de7ac7b2681, type: 3}
      propertyPath: m_Color.b
      value: 0.754717
      objectReference: {fileID: 0}
    - target: {fileID: 5517996324249401025, guid: 5260c8d933eae07418fc4de7ac7b2681, type: 3}
      propertyPath: m_Color.g
      value: 0.754717
      objectReference: {fileID: 0}
    - target: {fileID: 5517996324249401025, guid: 5260c8d933eae07418fc4de7ac7b2681, type: 3}
      propertyPath: m_Color.r
      value: 0.754717
      objectReference: {fileID: 0}
    - target: {fileID: 5517996324815841602, guid: 5260c8d933eae07418fc4de7ac7b2681, type: 3}
      propertyPath: m_Color.b
      value: 0.754717
      objectReference: {fileID: 0}
    - target: {fileID: 5517996324815841602, guid: 5260c8d933eae07418fc4de7ac7b2681, type: 3}
      propertyPath: m_Color.g
      value: 0.754717
      objectReference: {fileID: 0}
    - target: {fileID: 5517996324815841602, guid: 5260c8d933eae07418fc4de7ac7b2681, type: 3}
      propertyPath: m_Color.r
      value: 0.754717
      objectReference: {fileID: 0}
    - target: {fileID: 8420774475553873247, guid: 5260c8d933eae07418fc4de7ac7b2681, type: 3}
      propertyPath: m_Color.b
      value: 0.754717
      objectReference: {fileID: 0}
    - target: {fileID: 8420774475553873247, guid: 5260c8d933eae07418fc4de7ac7b2681, type: 3}
      propertyPath: m_Color.g
      value: 0.754717
      objectReference: {fileID: 0}
    - target: {fileID: 8420774475553873247, guid: 5260c8d933eae07418fc4de7ac7b2681, type: 3}
      propertyPath: m_Color.r
      value: 0.754717
      objectReference: {fileID: 0}
    - target: {fileID: 8968923565690178559, guid: 5260c8d933eae07418fc4de7ac7b2681, type: 3}
      propertyPath: m_Color.b
      value: 0.754717
      objectReference: {fileID: 0}
    - target: {fileID: 8968923565690178559, guid: 5260c8d933eae07418fc4de7ac7b2681, type: 3}
      propertyPath: m_Color.g
      value: 0.754717
      objectReference: {fileID: 0}
    - target: {fileID: 8968923565690178559, guid: 5260c8d933eae07418fc4de7ac7b2681, type: 3}
      propertyPath: m_Color.r
      value: 0.754717
      objectReference: {fileID: 0}
    m_RemovedComponents:
    - {fileID: 3804684364682161247, guid: 5260c8d933eae07418fc4de7ac7b2681, type: 3}
    - {fileID: 2747270731416720155, guid: 5260c8d933eae07418fc4de7ac7b2681, type: 3}
    - {fileID: 2747270731612829692, guid: 5260c8d933eae07418fc4de7ac7b2681, type: 3}
    - {fileID: 2747270731113490559, guid: 5260c8d933eae07418fc4de7ac7b2681, type: 3}
    - {fileID: 2747270731896992923, guid: 5260c8d933eae07418fc4de7ac7b2681, type: 3}
    - {fileID: 2192973202824060002, guid: 5260c8d933eae07418fc4de7ac7b2681, type: 3}
    - {fileID: 2779902520228721774, guid: 5260c8d933eae07418fc4de7ac7b2681, type: 3}
    - {fileID: 2779902519886073993, guid: 5260c8d933eae07418fc4de7ac7b2681, type: 3}
    - {fileID: 2779902520527490826, guid: 5260c8d933eae07418fc4de7ac7b2681, type: 3}
    - {fileID: 2779902521883612142, guid: 5260c8d933eae07418fc4de7ac7b2681, type: 3}
    - {fileID: 2223501905988860695, guid: 5260c8d933eae07418fc4de7ac7b2681, type: 3}
  m_SourcePrefab: {fileID: 100100000, guid: 5260c8d933eae07418fc4de7ac7b2681, type: 3}
--- !u!224 &7585710333430121831 stripped
RectTransform:
  m_CorrespondingSourceObject: {fileID: 1874823304987089744, guid: 5260c8d933eae07418fc4de7ac7b2681, type: 3}
  m_PrefabInstance: {fileID: 8305040715415412279}
  m_PrefabAsset: {fileID: 0}
--- !u!114 &3996433804778634838 stripped
MonoBehaviour:
  m_CorrespondingSourceObject: {fileID: 4915469915362467937, guid: 5260c8d933eae07418fc4de7ac7b2681, type: 3}
  m_PrefabInstance: {fileID: 8305040715415412279}
  m_PrefabAsset: {fileID: 0}
  m_GameObject: {fileID: 0}
  m_Enabled: 1
  m_EditorHideFlags: 0
  m_Script: {fileID: 11500000, guid: fe87c0e1cc204ed48ad3b37840f39efc, type: 3}
  m_Name: 
  m_EditorClassIdentifier: 
